18:15:01,ESX-FUTURE,BID,3132.75,294
18:15:02,SP-FUTURE,ASK,2773.5,1027
18:15:02,ESX-FUTURE,BID,3133.75,2327
18:15:02,ESX-FUTURE,BID,3133.75,378
18:15:03,SP-FUTURE,BID,2771.0,475
18:15:04,ESX-FUTURE,ASK,3133.75,129
18:15:04,ESX-FUTURE,ASK,3133.75,107
18:15:04,SP-FUTURE,ASK,2771.25,419
18:15:05,ESX-FUTURE,ASK,3134.0,170
18:15:05,SP-FUTURE,BID,2771.0,748
18:15:06,ESX-FUTURE,BID,3133.75,9
18:15:07,SP-FUTURE,ASK,2771.25,215
18:15:08,ESX-FUTURE,BID,3133.75,1420
18:15:08,SP-FUTURE,BID,2770.5,181
18:15:08,SP-FUTURE,ASK,2770.75,1210
18:15:09,ESX-FUTURE,ASK,3134.5,164
18:15:09,SP-FUTURE,BID,2770.5,255
18:15:10,ESX-FUTURE,ASK,3134.5,674
18:15:10,SP-FUTURE,BID,2770.75,44
18:15:11,SP-FUTURE,BID,2770.75,224
18:15:12,SP-FUTURE,ASK,2771.0,387
18:15:12,ESX-FUTURE,BID,3134.25,172
18:15:12,SP-FUTURE,BID,2770.5,876
18:15:13,SP-FUTURE,BID,2770.5,1616
18:15:13,ESX-FUTURE,ASK,3134.25,54
18:15:14,ESX-FUTURE,ASK,3134.25,58
18:15:14,SP-FUTURE,BID,2770.75,19
18:15:15,SP-FUTURE,BID,2770.75,75
18:15:15,ESX-FUTURE,ASK,3134.25,663
18:15:16,SP-FUTURE,ASK,2771.25,1049
18:15:16,ESX-FUTURE,ASK,3135.0,290
18:15:17,SP-FUTURE,BID,2771.0,117
18:15:18,SP-FUTURE,ASK,2771.25,96
18:15:18,ESX-FUTURE,ASK,3135.0,32
18:15:19,SP-FUTURE,ASK,2771.25,558
18:15:19,ESX-FUTURE,BID,3135.25,884
18:15:20,SP-FUTURE,ASK,2771.0,248
18:15:20,ESX-FUTURE,BID,3135.5,90
18:15:20,SP-FUTURE,ASK,2771.0,63
18:15:21,ESX-FUTURE,BID,3135.5,170
18:15:21,SP-FUTURE,ASK,2771.0,425
18:15:22,SP-FUTURE,ASK,2771.0,550
18:15:22,ESX-FUTURE,ASK,3136.25,450
18:15:23,SP-FUTURE,ASK,2771.25,866
18:15:23,SP-FUTURE,BID,2771.0,290
18:15:23,ESX-FUTURE,BID,3136.5,173
18:15:24,SP-FUTURE,ASK,2771.25,1683
18:15:24,ESX-FUTURE,ASK,3138.0,1672
18:15:25,SP-FUTURE,ASK,2771.25,650
18:15:25,ESX-FUTURE,BID,3137.75,402
18:15:25,ESX-FUTURE,BID,3137.75,1293
18:15:26,ESX-FUTURE,ASK,3138.0,9
18:15:27,SP-FUTURE,BID,2771.0,255
18:15:28,ESX-FUTURE,ASK,3138.0,1836
18:15:29,SP-FUTURE,ASK,2772.5,898
18:15:29,SP-FUTURE,BID,2772.25,162
18:15:30,ESX-FUTURE,BID,3138.25,675
18:15:30,ESX-FUTURE,ASK,3138.5,1
18:15:31,SP-FUTURE,ASK,2772.25,1010
18:15:32,ESX-FUTURE,ASK,3139.0,682
18:15:32,SP-FUTURE,ASK,2772.25,286
18:15:33,ESX-FUTURE,BID,3138.75,366
18:15:34,SP-FUTURE,ASK,2772.25,921
18:15:34,ESX-FUTURE,ASK,3139.25,560
18:15:36,SP-FUTURE,BID,2772.25,22
18:15:36,ESX-FUTURE,BID,3139.0,1747
18:15:37,SP-FUTURE,ASK,2771.5,38
18:15:37,ESX-FUTURE,BID,3139.0,2237
18:15:38,SP-FUTURE,BID,2770.0,24
18:15:39,SP-FUTURE,BID,2770.0,1104
18:15:39,ESX-FUTURE,ASK,3139.0,262
18:15:39,SP-FUTURE,BID,2770.0,371
18:15:39,ESX-FUTURE,BID,3138.75,232
18:15:40,ESX-FUTURE,ASK,3139.0,418
18:15:40,SP-FUTURE,ASK,2770.25,10
18:15:40,ESX-FUTURE,ASK,3139.0,1568
18:15:41,ESX-FUTURE,ASK,3139.0,3398
18:15:42,ESX-FUTURE,ASK,3139.0,151
18:15:42,SP-FUTURE,BID,2772.25,633
18:15:43,SP-FUTURE,ASK,2772.5,915
18:15:44,ESX-FUTURE,ASK,3139.5,1206
18:15:44,SP-FUTURE,ASK,2772.75,1323
18:15:45,ESX-FUTURE,ASK,3140.0,821
18:15:46,SP-FUTURE,BID,2772.5,1098
18:15:46,SP-FUTURE,BID,2772.5,335
18:15:46,SP-FUTURE,BID,2772.5,27
18:15:47,ESX-FUTURE,ASK,3138.75,278
18:15:48,ESX-FUTURE,BID,3138.5,3694
18:15:48,SP-FUTURE,ASK,2768.5,1113
18:15:50,ESX-FUTURE,BID,3139.5,971
18:15:50,SP-FUTURE,BID,2768.0,373
18:15:51,ESX-FUTURE,BID,3139.5,2394
18:15:51,ESX-FUTURE,BID,3139.5,1773
18:15:52,SP-FUTURE,ASK,2766.75,712
18:15:53,ESX-FUTURE,BID,3139.75,374
18:15:53,ESX-FUTURE,BID,3139.75,203
18:15:53,SP-FUTURE,BID,2766.25,408
18:15:54,SP-FUTURE,BID,2766.25,857
18:15:54,ESX-FUTURE,ASK,3139.0,43
18:15:55,SP-FUTURE,BID,2766.25,1199
18:15:55,ESX-FUTURE,BID,3137.5,1256
18:15:56,ESX-FUTURE,ASK,3137.75,839
18:15:57,SP-FUTURE,BID,2766.25,449
18:15:58,ESX-FUTURE,BID,3137.5,251
18:15:58,SP-FUTURE,ASK,2766.5,1034
18:15:58,SP-FUTURE,ASK,2766.5,280
18:15:59,SP-FUTURE,BID,2766.25,138
18:15:59,ESX-FUTURE,ASK,3138.25,1185
18:16:00,SP-FUTURE,BID,2766.75,665
18:16:00,ESX-FUTURE,BID,3137.5,1471
18:16:01,ESX-FUTURE,ASK,3137.75,766
18:16:01,SP-FUTURE,BID,2766.5,154
18:16:01,ESX-FUTURE,BID,3137.5,536
18:16:02,SP-FUTURE,ASK,2766.5,313
18:16:02,SP-FUTURE,BID,2766.25,216
18:16:02,ESX-FUTURE,ASK,3137.75,253
18:16:03,ESX-FUTURE,ASK,3137.75,2278
18:16:03,SP-FUTURE,ASK,2768.75,300
18:16:04,ESX-FUTURE,ASK,3137.75,630
18:16:04,ESX-FUTURE,ASK,3137.75,177
18:16:05,SP-FUTURE,BID,2768.5,874
18:16:05,ESX-FUTURE,BID,3137.25,701
18:16:05,ESX-FUTURE,BID,3137.25,924
18:16:06,ESX-FUTURE,ASK,3137.5,1294
18:16:06,SP-FUTURE,BID,2768.25,1546
18:16:06,ESX-FUTURE,BID,3135.25,172
18:16:07,ESX-FUTURE,BID,3135.25,1551
18:16:08,SP-FUTURE,ASK,2767.25,193
18:16:08,ESX-FUTURE,ASK,3135.5,21
18:16:08,ESX-FUTURE,BID,3135.25,1107
18:16:10,ESX-FUTURE,BID,3135.25,497
18:16:10,SP-FUTURE,BID,2766.75,183
18:16:11,ESX-FUTURE,BID,3135.25,590
18:16:12,SP-FUTURE,BID,2766.5,17
18:16:12,ESX-FUTURE,ASK,3135.5,1437
18:16:13,SP-FUTURE,BID,2767.0,45
18:16:13,ESX-FUTURE,BID,3135.25,225
18:16:14,ESX-FUTURE,BID,3135.25,1474
18:16:15,ESX-FUTURE,BID,3135.25,525
18:16:15,SP-FUTURE,BID,2765.75,236
18:16:16,SP-FUTURE,ASK,2766.0,85
18:16:16,ESX-FUTURE,ASK,3135.5,571
18:16:17,SP-FUTURE,BID,2765.75,148
18:16:17,ESX-FUTURE,ASK,3135.5,1775
18:16:18,SP-FUTURE,BID,2766.0,707
18:16:18,ESX-FUTURE,BID,3135.0,181
18:16:19,SP-FUTURE,ASK,2766.25,301
18:16:20,ESX-FUTURE,ASK,3135.25,1195
18:16:20,SP-FUTURE,ASK,2767.0,885
18:16:21,ESX-FUTURE,BID,3135.0,1263
18:16:21,SP-FUTURE,BID,2766.25,5
18:16:21,ESX-FUTURE,ASK,3135.25,594
18:16:22,SP-FUTURE,ASK,2766.5,229
18:16:23,ESX-FUTURE,ASK,3135.5,1804
18:16:23,SP-FUTURE,ASK,2766.75,744
18:16:23,SP-FUTURE,BID,2766.5,135
18:16:23,ESX-FUTURE,ASK,3135.5,768
18:16:23,SP-FUTURE,ASK,2766.75,175
18:16:24,ESX-FUTURE,BID,3135.25,1958
18:16:24,SP-FUTURE,BID,2765.5,105
18:16:25,SP-FUTURE,ASK,2765.75,516
18:16:25,ESX-FUTURE,BID,3135.5,21
18:16:25,ESX-FUTURE,BID,3135.5,29
18:16:26,ESX-FUTURE,ASK,3135.75,847
18:16:26,SP-FUTURE,BID,2765.5,196
18:16:27,ESX-FUTURE,ASK,3135.5,244
18:16:28,SP-FUTURE,ASK,2765.75,720
18:16:28,SP-FUTURE,BID,2765.5,12
18:16:29,ESX-FUTURE,ASK,3136.0,521
18:16:30,SP-FUTURE,ASK,2766.0,967
18:16:30,ESX-FUTURE,ASK,3136.25,1637
18:16:31,SP-FUTURE,BID,2766.5,250
18:16:32,ESX-FUTURE,BID,3135.75,2331
18:16:32,SP-FUTURE,ASK,2766.25,1103
18:16:33,ESX-FUTURE,ASK,3136.5,866
18:16:33,SP-FUTURE,ASK,2766.25,525
18:16:34,SP-FUTURE,BID,2766.0,558
18:16:34,SP-FUTURE,ASK,2766.25,63
18:16:34,ESX-FUTURE,ASK,3136.75,767
18:16:35,ESX-FUTURE,BID,3136.5,538
18:16:36,ESX-FUTURE,BID,3136.5,570
18:16:36,SP-FUTURE,BID,2766.0,36
18:16:37,ESX-FUTURE,BID,3136.5,764
18:16:37,SP-FUTURE,BID,2765.5,360
18:16:37,SP-FUTURE,BID,2765.5,744
18:16:38,ESX-FUTURE,BID,3136.25,1799
18:16:38,SP-FUTURE,ASK,2764.75,161
18:16:38,SP-FUTURE,BID,2764.5,386
18:16:39,ESX-FUTURE,ASK,3136.25,601
18:16:40,SP-FUTURE,BID,2764.75,1
18:16:41,ESX-FUTURE,BID,3136.0,914
18:16:42,SP-FUTURE,BID,2764.25,716
18:16:42,ESX-FUTURE,ASK,3136.25,1328
18:16:43,ESX-FUTURE,BID,3136.0,908
18:16:43,SP-FUTURE,BID,2764.5,654
18:16:44,SP-FUTURE,BID,2764.5,237
18:16:44,ESX-FUTURE,BID,3135.75,12
18:16:45,SP-FUTURE,ASK,2764.75,365
18:16:45,ESX-FUTURE,ASK,3136.0,674
18:16:46,SP-FUTURE,BID,2764.75,453
18:16:46,ESX-FUTURE,ASK,3136.0,534
18:16:47,ESX-FUTURE,BID,3135.75,1316
18:16:47,SP-FUTURE,ASK,2764.75,765
18:16:48,ESX-FUTURE,ASK,3136.5,886
18:16:49,SP-FUTURE,BID,2764.75,1008
18:16:49,ESX-FUTURE,ASK,3136.0,466
18:16:49,ESX-FUTURE,BID,3135.75,345
18:16:49,ESX-FUTURE,ASK,3136.0,921
18:16:50,SP-FUTURE,ASK,2765.0,862
18:16:50,SP-FUTURE,ASK,2765.0,15
18:16:51,ESX-FUTURE,BID,3136.5,491
18:16:51,SP-FUTURE,ASK,2765.0,649
18:16:52,SP-FUTURE,BID,2764.75,75
18:16:52,ESX-FUTURE,ASK,3136.75,389
18:16:53,ESX-FUTURE,BID,3136.5,2170
18:16:53,ESX-FUTURE,ASK,3136.75,704
18:16:53,SP-FUTURE,BID,2763.75,244
18:16:54,ESX-FUTURE,ASK,3136.75,1774
18:16:54,ESX-FUTURE,ASK,3136.75,2592
18:16:54,SP-FUTURE,ASK,2766.0,2015
18:16:55,SP-FUTURE,ASK,2766.0,2015
18:16:55,ESX-FUTURE,ASK,3142.5,283
18:16:56,SP-FUTURE,BID,2765.75,60
18:16:56,ESX-FUTURE,ASK,3142.5,421
18:16:57,SP-FUTURE,ASK,2766.25,226
18:16:57,SP-FUTURE,ASK,2766.25,986
18:16:58,ESX-FUTURE,BID,3142.5,2214
18:16:58,ESX-FUTURE,BID,3142.5,1373
18:16:59,SP-FUTURE,ASK,2765.75,789
18:17:00,ESX-FUTURE,BID,3143.0,1174
18:17:00,SP-FUTURE,ASK,2765.25,70
18:17:00,SP-FUTURE,ASK,2765.25,99
18:17:00,ESX-FUTURE,ASK,3143.25,223
18:17:01,SP-FUTURE,ASK,2765.5,448
18:17:02,ESX-FUTURE,BID,3143.0,952
18:17:03,SP-FUTURE,ASK,2765.25,229
18:17:03,ESX-FUTURE,BID,3143.25,574
18:17:04,ESX-FUTURE,BID,3143.25,458
18:17:05,ESX-FUTURE,BID,3143.25,77
18:17:05,SP-FUTURE,BID,2764.75,210
18:17:05,ESX-FUTURE,ASK,3143.25,83
18:17:06,SP-FUTURE,ASK,2765.0,461
18:17:06,ESX-FUTURE,ASK,3143.5,657
18:17:07,SP-FUTURE,ASK,2765.0,113
18:17:07,SP-FUTURE,BID,2764.75,538
18:17:07,ESX-FUTURE,ASK,3143.25,578
18:17:08,SP-FUTURE,ASK,2765.0,269
18:17:08,ESX-FUTURE,ASK,3143.25,151
18:17:08,ESX-FUTURE,ASK,3143.25,290
18:17:09,SP-FUTURE,BID,2765.0,346
18:17:10,ESX-FUTURE,ASK,3143.25,714
18:17:10,ESX-FUTURE,ASK,3143.25,1467
18:17:10,SP-FUTURE,BID,2765.0,740
18:17:10,ESX-FUTURE,ASK,3143.0,253
18:17:11,ESX-FUTURE,BID,3142.75,235
18:17:11,SP-FUTURE,BID,2765.0,22
18:17:12,SP-FUTURE,ASK,2765.25,182
18:17:12,ESX-FUTURE,ASK,3143.0,560
18:17:13,ESX-FUTURE,ASK,3143.0,1469
18:17:13,SP-FUTURE,BID,2766.0,909
18:17:14,ESX-FUTURE,ASK,3142.25,523
18:17:15,SP-FUTURE,BID,2766.0,114
18:17:15,ESX-FUTURE,BID,3142.0,731
18:17:16,SP-FUTURE,BID,2765.75,2112
18:17:16,ESX-FUTURE,ASK,3139.0,661
18:17:17,ESX-FUTURE,BID,3138.75,1111
18:17:17,SP-FUTURE,BID,2766.0,83
18:17:18,ESX-FUTURE,BID,3138.75,800
18:17:18,SP-FUTURE,BID,2765.75,35
18:17:19,SP-FUTURE,BID,2765.75,526
18:17:19,ESX-FUTURE,BID,3138.5,142
18:17:20,SP-FUTURE,BID,2765.75,312
18:17:20,ESX-FUTURE,BID,3138.25,271
18:17:21,SP-FUTURE,BID,2765.5,1112
18:17:21,ESX-FUTURE,BID,3138.0,517
18:17:21,SP-FUTURE,ASK,2765.75,191
18:17:22,ESX-FUTURE,BID,3138.0,1727
18:17:23,ESX-FUTURE,BID,3138.0,157
18:17:24,SP-FUTURE,BID,2764.75,88
18:17:25,ESX-FUTURE,BID,3138.0,621
18:17:25,SP-FUTURE,BID,2764.5,119
18:17:25,ESX-FUTURE,ASK,3138.25,587
18:17:26,ESX-FUTURE,BID,3138.0,892
18:17:27,ESX-FUTURE,ASK,3138.25,1451
18:17:27,ESX-FUTURE,BID,3138.0,1534
18:17:28,SP-FUTURE,BID,2764.25,386
18:17:28,ESX-FUTURE,ASK,3138.0,1
18:17:28,SP-FUTURE,BID,2764.25,326
18:17:29,SP-FUTURE,BID,2764.25,277
18:17:30,ESX-FUTURE,ASK,3137.75,62
18:17:31,ESX-FUTURE,BID,3137.5,51
18:17:31,ESX-FUTURE,BID,3137.5,243
18:17:31,SP-FUTURE,BID,2764.25,388
18:17:32,ESX-FUTURE,ASK,3137.75,2499
18:17:33,SP-FUTURE,BID,2765.0,980
18:17:33,ESX-FUTURE,BID,3136.5,1618
18:17:33,ESX-FUTURE,ASK,3136.75,832
18:17:33,SP-FUTURE,BID,2764.5,95
18:17:34,SP-FUTURE,ASK,2764.75,91
18:17:34,ESX-FUTURE,ASK,3136.75,50
18:17:35,SP-FUTURE,ASK,2764.75,25
18:17:35,ESX-FUTURE,ASK,3136.75,198
18:17:36,SP-FUTURE,BID,2764.5,351
18:17:36,SP-FUTURE,ASK,2764.75,324
18:17:36,ESX-FUTURE,ASK,3137.0,1223
18:17:37,SP-FUTURE,ASK,2765.0,338
18:17:37,ESX-FUTURE,BID,3136.75,1139
18:17:38,ESX-FUTURE,ASK,3137.0,653
18:17:38,SP-FUTURE,BID,2764.25,30
18:17:39,SP-FUTURE,BID,2764.25,540
18:17:39,ESX-FUTURE,ASK,3136.75,276
18:17:40,ESX-FUTURE,ASK,3136.75,433
18:17:40,SP-FUTURE,ASK,2764.75,397
18:17:41,ESX-FUTURE,BID,3136.75,1432
18:17:42,SP-FUTURE,BID,2763.5,610
18:17:42,ESX-FUTURE,ASK,3137.0,2213
18:17:43,ESX-FUTURE,BID,3136.75,1078
18:17:43,SP-FUTURE,BID,2765.25,11
18:17:44,ESX-FUTURE,BID,3136.75,333
18:17:45,ESX-FUTURE,ASK,3137.0,1038
18:17:46,SP-FUTURE,ASK,2765.75,521
18:17:46,ESX-FUTURE,ASK,3137.25,330
18:17:47,SP-FUTURE,ASK,2765.75,395
18:17:48,ESX-FUTURE,ASK,3137.25,486
18:17:48,SP-FUTURE,BID,2765.75,70
18:17:49,SP-FUTURE,ASK,2766.0,352
18:17:49,ESX-FUTURE,BID,3137.0,2943
18:17:50,SP-FUTURE,BID,2762.5,449
18:17:51,ESX-FUTURE,BID,3137.0,308
18:17:52,SP-FUTURE,BID,2762.5,321
18:17:52,ESX-FUTURE,ASK,3137.0,951
18:17:52,ESX-FUTURE,BID,3136.75,1379
18:17:53,SP-FUTURE,BID,2762.25,136
18:17:53,ESX-FUTURE,ASK,3137.0,1298
18:17:54,SP-FUTURE,BID,2762.75,266
18:17:54,ESX-FUTURE,ASK,3136.75,154
18:17:55,SP-FUTURE,BID,2762.75,367
18:17:56,SP-FUTURE,ASK,2763.0,897
18:17:56,ESX-FUTURE,BID,3136.75,358
18:17:57,SP-FUTURE,ASK,2763.0,841
18:17:57,ESX-FUTURE,ASK,3137.5,605
18:17:57,SP-FUTURE,ASK,2763.25,892
18:17:58,ESX-FUTURE,BID,3137.5,230
18:17:58,SP-FUTURE,ASK,2763.0,66
18:17:58,ESX-FUTURE,ASK,3137.75,220
18:17:59,ESX-FUTURE,ASK,3137.75,1834
18:18:00,SP-FUTURE,ASK,2763.75,42
18:18:00,SP-FUTURE,ASK,2763.75,82
18:18:00,ESX-FUTURE,ASK,3137.75,1219
18:18:02,SP-FUTURE,BID,2764.0,110
18:18:02,ESX-FUTURE,ASK,3137.75,1783
18:18:03,SP-FUTURE,BID,2765.0,76
18:18:03,ESX-FUTURE,ASK,3137.75,382
18:18:04,ESX-FUTURE,ASK,3137.75,2115
18:18:04,SP-FUTURE,BID,2766.5,383
18:18:05,ESX-FUTURE,BID,3137.25,1179
18:18:05,ESX-FUTURE,BID,3137.25,601
18:18:05,SP-FUTURE,BID,2765.75,158
18:18:06,ESX-FUTURE,BID,3137.25,154
18:18:07,SP-FUTURE,BID,2765.75,628
18:18:07,ESX-FUTURE,ASK,3137.25,2524
18:18:08,SP-FUTURE,BID,2766.25,578
18:18:09,ESX-FUTURE,ASK,3137.0,575
18:18:10,SP-FUTURE,BID,2766.25,629
18:18:10,SP-FUTURE,BID,2766.25,375
18:18:11,SP-FUTURE,ASK,2766.5,96
18:18:11,SP-FUTURE,ASK,2766.5,5
18:18:11,ESX-FUTURE,BID,3136.5,101
18:18:11,SP-FUTURE,BID,2766.25,632
18:18:12,SP-FUTURE,BID,2766.25,1292
18:18:12,ESX-FUTURE,BID,3136.0,8
18:18:12,SP-FUTURE,ASK,2766.5,191
18:18:13,ESX-FUTURE,ASK,3136.25,1155
18:18:13,SP-FUTURE,BID,2767.0,212
18:18:14,ESX-FUTURE,BID,3136.0,381
18:18:14,ESX-FUTURE,ASK,3136.25,507
18:18:15,SP-FUTURE,ASK,2767.0,60
18:18:15,ESX-FUTURE,ASK,3136.25,705
18:18:16,SP-FUTURE,BID,2767.0,213
18:18:16,ESX-FUTURE,ASK,3136.0,31
18:18:16,SP-FUTURE,BID,2767.0,100
18:18:16,ESX-FUTURE,ASK,3136.0,143
18:18:16,ESX-FUTURE,ASK,3136.0,329
18:18:17,ESX-FUTURE,BID,3135.75,1440
18:18:18,SP-FUTURE,ASK,2766.75,142
18:18:18,ESX-FUTURE,BID,3135.75,2092
18:18:19,ESX-FUTURE,BID,3135.75,1951
18:18:20,SP-FUTURE,BID,2766.0,625
18:18:20,ESX-FUTURE,ASK,3135.75,464
18:18:21,ESX-FUTURE,ASK,3135.75,2300
18:18:21,SP-FUTURE,ASK,2766.25,178
18:18:22,ESX-FUTURE,ASK,3135.75,2382
18:18:23,SP-FUTURE,BID,2767.75,460
18:18:23,SP-FUTURE,ASK,2768.0,19
18:18:23,ESX-FUTURE,ASK,3135.75,287
18:18:24,SP-FUTURE,ASK,2768.25,541
18:18:24,ESX-FUTURE,ASK,3135.75,999
18:18:25,ESX-FUTURE,BID,3135.5,834
18:18:25,SP-FUTURE,BID,2768.0,889
18:18:25,SP-FUTURE,ASK,2768.25,213
18:18:26,SP-FUTURE,ASK,2768.25,26
18:18:27,ESX-FUTURE,BID,3135.5,79
18:18:27,ESX-FUTURE,BID,3135.5,101
18:18:27,SP-FUTURE,ASK,2768.25,528
18:18:28,ESX-FUTURE,BID,3135.75,1044
18:18:28,SP-FUTURE,BID,2767.75,1120
18:18:29,ESX-FUTURE,ASK,3135.0,148
18:18:30,ESX-FUTURE,BID,3134.75,138
18:18:30,SP-FUTURE,ASK,2768.0,696
18:18:31,ESX-FUTURE,ASK,3135.75,2485
18:18:31,SP-FUTURE,BID,2769.75,234
18:18:32,SP-FUTURE,BID,2769.75,809
18:18:32,ESX-FUTURE,ASK,3135.25,2396
18:18:33,SP-FUTURE,ASK,2772.0,2
18:18:34,ESX-FUTURE,BID,3135.0,491
18:18:34,ESX-FUTURE,BID,3135.0,538
18:18:35,SP-FUTURE,ASK,2771.75,213
18:18:35,ESX-FUTURE,ASK,3135.25,1280
18:18:36,SP-FUTURE,BID,2772.5,118
18:18:37,ESX-FUTURE,BID,3135.0,638
18:18:37,SP-FUTURE,ASK,2772.5,425
18:18:37,ESX-FUTURE,ASK,3135.5,595
18:18:38,SP-FUTURE,BID,2772.5,81
18:18:38,ESX-FUTURE,ASK,3135.5,724
18:18:39,SP-FUTURE,ASK,2772.75,453
18:18:39,ESX-FUTURE,ASK,3135.75,2373
18:18:40,SP-FUTURE,ASK,2774.75,31
18:18:40,ESX-FUTURE,BID,3135.5,392
18:18:40,SP-FUTURE,ASK,2774.75,1061
18:18:42,SP-FUTURE,BID,2774.5,198
18:18:42,ESX-FUTURE,ASK,3136.25,343
18:18:42,ESX-FUTURE,BID,3136.0,2238
18:18:43,SP-FUTURE,ASK,2774.0,18
18:18:43,ESX-FUTURE,ASK,3136.25,203
18:18:44,SP-FUTURE,BID,2774.0,90
18:18:44,ESX-FUTURE,BID,3136.0,741
18:18:45,ESX-FUTURE,ASK,3136.25,818
18:18:45,SP-FUTURE,BID,2774.25,221
18:18:46,SP-FUTURE,BID,2774.25,505
18:18:47,ESX-FUTURE,BID,3135.75,8
18:18:47,SP-FUTURE,BID,2774.25,779
18:18:48,ESX-FUTURE,BID,3135.0,862
18:18:48,SP-FUTURE,ASK,2774.0,539
18:18:48,ESX-FUTURE,BID,3135.25,347
18:18:49,ESX-FUTURE,BID,3135.25,481
18:18:50,SP-FUTURE,ASK,2773.75,110
18:18:51,SP-FUTURE,BID,2773.5,366
18:18:51,ESX-FUTURE,ASK,3135.5,1261
18:18:52,SP-FUTURE,ASK,2774.5,43
18:18:52,ESX-FUTURE,BID,3135.25,600
18:18:53,SP-FUTURE,ASK,2774.5,386
18:18:53,ESX-FUTURE,ASK,3135.75,1225
18:18:54,SP-FUTURE,ASK,2774.75,759
18:18:55,ESX-FUTURE,BID,3135.75,122
18:18:56,ESX-FUTURE,BID,3135.75,111
18:18:56,SP-FUTURE,BID,2774.5,21
18:18:57,ESX-FUTURE,BID,3135.75,22
18:18:57,SP-FUTURE,ASK,2774.75,2331
18:18:57,ESX-FUTURE,BID,3139.25,2121
18:18:58,SP-FUTURE,ASK,2773.25,1335
18:18:58,ESX-FUTURE,ASK,3140.25,3103
18:18:59,ESX-FUTURE,ASK,3140.25,612
18:18:59,SP-FUTURE,BID,2773.75,2079
18:18:59,SP-FUTURE,ASK,2774.0,14
18:19:00,ESX-FUTURE,ASK,3137.0,1303
18:19:00,ESX-FUTURE,ASK,3137.0,517
18:19:01,ESX-FUTURE,BID,3136.75,2348
18:19:01,SP-FUTURE,BID,2773.25,388
18:19:02,ESX-FUTURE,BID,3136.75,28
18:19:02,SP-FUTURE,BID,2773.25,598
18:19:02,SP-FUTURE,BID,2773.25,105
18:19:03,ESX-FUTURE,BID,3136.25,1086
18:19:03,SP-FUTURE,ASK,2773.0,749
18:19:04,ESX-FUTURE,BID,3136.75,220
18:19:04,SP-FUTURE,ASK,2773.0,306
18:19:05,ESX-FUTURE,ASK,3137.0,1258
18:19:05,SP-FUTURE,ASK,2773.25,927
18:19:06,SP-FUTURE,BID,2773.0,667
18:19:06,ESX-FUTURE,BID,3137.0,583
18:19:06,ESX-FUTURE,BID,3137.0,1016
18:19:07,SP-FUTURE,BID,2772.75,1067
18:19:07,ESX-FUTURE,ASK,3136.75,58
18:19:08,ESX-FUTURE,ASK,3136.75,619
18:19:08,SP-FUTURE,BID,2773.0,623
18:19:09,ESX-FUTURE,ASK,3136.5,219
18:19:09,SP-FUTURE,BID,2773.0,1349
18:19:09,SP-FUTURE,ASK,2773.25,48
18:19:10,ESX-FUTURE,BID,3136.0,41
18:19:11,ESX-FUTURE,BID,3136.0,85
18:19:11,SP-FUTURE,ASK,2773.25,286
18:19:11,SP-FUTURE,BID,2773.0,598
18:19:11,SP-FUTURE,ASK,2773.25,203
18:19:12,ESX-FUTURE,BID,3136.0,1586
18:19:12,SP-FUTURE,ASK,2773.25,58
18:19:13,ESX-FUTURE,BID,3136.0,3412
18:19:14,SP-FUTURE,BID,2772.25,1035
18:19:14,ESX-FUTURE,ASK,3135.5,644
18:19:16,ESX-FUTURE,BID,3135.25,1049
18:19:16,ESX-FUTURE,BID,3135.25,1027
18:19:16,ESX-FUTURE,ASK,3135.5,521
18:19:17,SP-FUTURE,ASK,2772.25,79
18:19:17,ESX-FUTURE,BID,3135.25,2636
18:19:18,SP-FUTURE,BID,2769.5,3
18:19:19,SP-FUTURE,BID,2769.5,1
18:19:20,ESX-FUTURE,ASK,3135.5,222
18:19:20,SP-FUTURE,BID,2769.5,172
18:19:20,ESX-FUTURE,BID,3135.25,458
18:19:20,ESX-FUTURE,ASK,3135.5,1729
18:19:20,SP-FUTURE,ASK,2770.5,280
18:19:21,ESX-FUTURE,ASK,3135.5,703
18:19:21,SP-FUTURE,BID,2770.5,1107
18:19:21,ESX-FUTURE,ASK,3135.25,1883
18:19:22,SP-FUTURE,BID,2772.25,148
18:19:23,ESX-FUTURE,ASK,3135.25,640
18:19:24,ESX-FUTURE,BID,3135.0,1007
18:19:24,ESX-FUTURE,ASK,3135.25,595
18:19:24,SP-FUTURE,BID,2772.0,11
18:19:24,ESX-FUTURE,ASK,3135.25,2479
18:19:25,ESX-FUTURE,ASK,3135.25,2675
18:19:25,SP-FUTURE,BID,2776.75,38
18:19:26,SP-FUTURE,BID,2776.75,301
18:19:27,SP-FUTURE,BID,2776.75,286
18:19:27,ESX-FUTURE,ASK,3135.0,1356
18:19:28,ESX-FUTURE,ASK,3135.0,964
18:19:28,SP-FUTURE,BID,2777.25,14
18:19:28,SP-FUTURE,BID,2777.25,70
18:19:29,ESX-FUTURE,ASK,3135.0,1457
18:19:30,SP-FUTURE,ASK,2777.5,238
18:19:30,ESX-FUTURE,BID,3134.75,1742
18:19:30,ESX-FUTURE,BID,3134.75,772
18:19:31,ESX-FUTURE,BID,3134.75,342
18:19:31,ESX-FUTURE,BID,3134.75,2445
18:19:32,SP-FUTURE,ASK,2774.0,192
18:19:32,ESX-FUTURE,BID,3134.75,1386
18:19:33,ESX-FUTURE,BID,3134.75,158
18:19:33,SP-FUTURE,ASK,2773.75,742
18:19:35,SP-FUTURE,ASK,2773.75,471
18:19:35,ESX-FUTURE,ASK,3135.25,237
18:19:35,ESX-FUTURE,ASK,3135.25,989
18:19:35,SP-FUTURE,BID,2774.0,173
18:19:36,SP-FUTURE,ASK,2774.25,40
18:19:36,SP-FUTURE,ASK,2774.25,803
18:19:37,ESX-FUTURE,BID,3135.75,340
18:19:38,ESX-FUTURE,ASK,3136.0,760
18:19:38,SP-FUTURE,ASK,2774.5,428
18:19:39,ESX-FUTURE,BID,3135.75,25
18:19:39,ESX-FUTURE,ASK,3136.0,364
18:19:39,SP-FUTURE,BID,2774.25,390
18:19:40,ESX-FUTURE,ASK,3136.0,1891
18:19:40,SP-FUTURE,BID,2774.5,413
18:19:40,ESX-FUTURE,BID,3135.5,169
18:19:40,SP-FUTURE,BID,2774.5,287
18:19:41,ESX-FUTURE,BID,3135.25,300
18:19:41,SP-FUTURE,BID,2774.25,210
18:19:42,ESX-FUTURE,ASK,3135.5,664
18:19:42,ESX-FUTURE,BID,3135.25,181
18:19:43,SP-FUTURE,BID,2774.5,1009
18:19:44,ESX-FUTURE,ASK,3134.75,178
18:19:44,SP-FUTURE,ASK,2774.75,21
18:19:45,ESX-FUTURE,BID,3134.5,1895
18:19:45,SP-FUTURE,ASK,2774.25,753
18:19:47,SP-FUTURE,ASK,2774.25,986
18:19:47,ESX-FUTURE,ASK,3135.0,27
18:19:48,SP-FUTURE,ASK,2774.25,289
18:19:48,SP-FUTURE,BID,2774.0,50
18:19:49,ESX-FUTURE,BID,3134.75,2857
18:19:50,SP-FUTURE,BID,2773.75,229
18:19:51,ESX-FUTURE,ASK,3135.0,540
18:19:51,SP-FUTURE,ASK,2774.25,1161
18:19:52,ESX-FUTURE,ASK,3135.0,230
18:19:53,SP-FUTURE,BID,2774.0,112
18:19:53,ESX-FUTURE,BID,3134.75,3042
18:19:53,SP-FUTURE,BID,2770.75,405
18:19:54,ESX-FUTURE,ASK,3134.75,802
18:19:54,SP-FUTURE,ASK,2771.25,275
18:19:55,ESX-FUTURE,BID,3134.75,656
18:19:55,SP-FUTURE,ASK,2771.0,460
18:19:56,ESX-FUTURE,BID,3135.0,62
18:19:56,SP-FUTURE,ASK,2771.0,455
18:19:57,ESX-FUTURE,BID,3135.0,2559
18:19:58,SP-FUTURE,BID,2769.75,48
18:19:58,ESX-FUTURE,BID,3135.0,2518
18:19:59,SP-FUTURE,ASK,2768.5,99
18:19:59,SP-FUTURE,ASK,2768.5,48
18:20:00,SP-FUTURE,BID,2768.25,996
18:20:00,ESX-FUTURE,BID,3135.0,1470
18:20:01,ESX-FUTURE,ASK,3135.25,402
18:20:01,ESX-FUTURE,ASK,3135.25,578
18:20:01,ESX-FUTURE,BID,3135.0,907
18:20:01,SP-FUTURE,BID,2767.25,473
18:20:03,ESX-FUTURE,ASK,3135.25,1367
18:20:03,SP-FUTURE,BID,2768.0,126
18:20:04,ESX-FUTURE,BID,3135.0,360
18:20:04,SP-FUTURE,BID,2767.75,513
18:20:05,ESX-FUTURE,BID,3135.0,282
18:20:05,SP-FUTURE,BID,2767.75,307
18:20:06,SP-FUTURE,ASK,2768.0,282
18:20:07,ESX-FUTURE,ASK,3135.25,1649
18:20:07,SP-FUTURE,ASK,2768.75,164
18:20:08,SP-FUTURE,ASK,2768.75,23
18:20:08,ESX-FUTURE,BID,3135.0,449
18:20:10,SP-FUTURE,ASK,2768.75,15
18:20:10,ESX-FUTURE,ASK,3135.25,481
18:20:10,ESX-FUTURE,BID,3135.0,2502
18:20:11,SP-FUTURE,BID,2766.5,328
18:20:11,ESX-FUTURE,ASK,3135.25,1819
18:20:12,ESX-FUTURE,BID,3135.0,1482
18:20:12,SP-FUTURE,BID,2766.75,349
18:20:13,ESX-FUTURE,ASK,3135.25,564
18:20:13,SP-FUTURE,ASK,2767.0,27
18:20:14,ESX-FUTURE,BID,3135.0,76
18:20:15,SP-FUTURE,BID,2766.75,673
18:20:15,ESX-FUTURE,ASK,3135.0,1009
18:20:16,SP-FUTURE,ASK,2767.25,26
18:20:16,ESX-FUTURE,ASK,3135.0,465
18:20:17,ESX-FUTURE,BID,3134.75,372
18:20:17,SP-FUTURE,ASK,2767.25,502
18:20:17,ESX-FUTURE,ASK,3135.25,40
18:20:18,SP-FUTURE,BID,2767.0,111
18:20:19,ESX-FUTURE,BID,3135.0,2580
18:20:19,SP-FUTURE,ASK,2766.0,299
18:20:20,ESX-FUTURE,ASK,3135.25,589
18:20:20,SP-FUTURE,ASK,2766.25,583
18:20:20,ESX-FUTURE,BID,3135.25,168
18:20:22,SP-FUTURE,BID,2766.0,6
18:20:22,ESX-FUTURE,BID,3135.25,494
18:20:22,ESX-FUTURE,ASK,3135.5,531
18:20:23,SP-FUTURE,ASK,2766.0,24
18:20:24,ESX-FUTURE,ASK,3135.5,2767
18:20:24,SP-FUTURE,BID,2768.75,142
18:20:25,SP-FUTURE,ASK,2769.0,527
18:20:25,ESX-FUTURE,ASK,3135.5,46
18:20:26,SP-FUTURE,ASK,2769.0,1144
18:20:26,ESX-FUTURE,ASK,3135.75,2206
18:20:26,ESX-FUTURE,BID,3135.5,101
18:20:27,ESX-FUTURE,ASK,3135.75,2314
18:20:27,SP-FUTURE,BID,2769.25,1541
18:20:28,ESX-FUTURE,BID,3133.5,58
18:20:29,SP-FUTURE,BID,2769.25,432
18:20:30,SP-FUTURE,ASK,2769.5,65
18:20:30,ESX-FUTURE,ASK,3133.5,641
18:20:31,ESX-FUTURE,ASK,3133.5,618
18:20:31,ESX-FUTURE,ASK,3133.5,808
18:20:32,ESX-FUTURE,BID,3133.25,1970
18:20:32,SP-FUTURE,BID,2768.75,6
18:20:33,ESX-FUTURE,ASK,3133.5,1492
18:20:33,SP-FUTURE,BID,2770.0,739
18:20:34,SP-FUTURE,BID,2770.0,902
18:20:34,ESX-FUTURE,BID,3132.0,1398
18:20:35,ESX-FUTURE,ASK,3132.25,468
18:20:35,SP-FUTURE,ASK,2769.75,840
18:20:36,ESX-FUTURE,BID,3132.5,39
18:20:36,ESX-FUTURE,BID,3132.5,676
18:20:36,SP-FUTURE,ASK,2769.5,205
18:20:37,SP-FUTURE,BID,2769.25,476
18:20:37,ESX-FUTURE,BID,3132.25,1553
18:20:38,SP-FUTURE,ASK,2769.0,17
18:20:38,ESX-FUTURE,BID,3132.25,686
18:20:40,ESX-FUTURE,ASK,3132.5,123
18:20:40,SP-FUTURE,ASK,2769.0,144
18:20:41,ESX-FUTURE,BID,3132.25,765
18:20:41,SP-FUTURE,ASK,2769.0,182
18:20:42,SP-FUTURE,BID,2768.75,585
18:20:42,ESX-FUTURE,BID,3132.25,381
18:20:43,ESX-FUTURE,BID,3132.25,388
18:20:43,SP-FUTURE,ASK,2768.75,70
18:20:43,ESX-FUTURE,BID,3132.25,515
18:20:44,SP-FUTURE,BID,2768.5,23
18:20:44,ESX-FUTURE,BID,3132.25,52
18:20:45,SP-FUTURE,ASK,2768.75,962
18:20:45,ESX-FUTURE,BID,3133.0,33
18:20:46,ESX-FUTURE,ASK,3133.25,1832
18:20:46,SP-FUTURE,ASK,2769.75,4
18:20:46,SP-FUTURE,ASK,2769.75,4
18:20:46,ESX-FUTURE,ASK,3133.25,1273
18:20:47,SP-FUTURE,ASK,2770.5,202
18:20:47,ESX-FUTURE,BID,3133.0,369
18:20:48,SP-FUTURE,ASK,2770.25,304
18:20:49,SP-FUTURE,ASK,2770.25,38
18:20:49,ESX-FUTURE,BID,3133.25,344
18:20:50,ESX-FUTURE,BID,3133.25,17
18:20:50,SP-FUTURE,ASK,2770.25,121
18:20:51,SP-FUTURE,ASK,2770.25,101
18:20:51,ESX-FUTURE,BID,3133.25,374
18:20:52,ESX-FUTURE,BID,3133.25,126
18:20:52,SP-FUTURE,BID,2769.75,1265
18:20:53,ESX-FUTURE,BID,3132.25,295
18:20:54,SP-FUTURE,ASK,2770.0,516
18:20:55,ESX-FUTURE,BID,3132.5,208
18:20:55,SP-FUTURE,ASK,2770.0,722
18:20:55,SP-FUTURE,BID,2769.75,148
18:20:56,ESX-FUTURE,ASK,3132.75,418
18:20:56,SP-FUTURE,BID,2769.75,476
18:20:57,ESX-FUTURE,BID,3132.5,1563
18:20:58,SP-FUTURE,ASK,2769.25,612
18:20:58,ESX-FUTURE,BID,3132.75,190
18:20:58,SP-FUTURE,BID,2769.0,703
18:20:59,ESX-FUTURE,ASK,3132.5,97
18:21:00,ESX-FUTURE,BID,3132.25,373
18:21:00,SP-FUTURE,ASK,2769.25,261
18:21:01,SP-FUTURE,ASK,2769.25,622
18:21:01,ESX-FUTURE,ASK,3133.0,193
18:21:02,SP-FUTURE,BID,2769.0,221
18:21:02,ESX-FUTURE,ASK,3133.0,144
18:21:03,SP-FUTURE,ASK,2769.25,774
18:21:04,ESX-FUTURE,ASK,3133.5,1159
18:21:04,SP-FUTURE,BID,2769.5,759
18:21:04,ESX-FUTURE,ASK,3133.25,1399
18:21:05,ESX-FUTURE,BID,3133.0,476
18:21:05,SP-FUTURE,BID,2769.75,410
18:21:05,ESX-FUTURE,BID,3133.0,17
18:21:06,ESX-FUTURE,BID,3133.0,14
18:21:06,SP-FUTURE,BID,2769.75,556
18:21:06,ESX-FUTURE,BID,3132.75,397
18:21:08,SP-FUTURE,BID,2769.75,12
18:21:08,ESX-FUTURE,BID,3132.75,447
18:21:09,SP-FUTURE,ASK,2770.0,2034
18:21:09,ESX-FUTURE,ASK,3136.0,691
18:21:10,SP-FUTURE,ASK,2770.25,79
18:21:10,ESX-FUTURE,ASK,3136.0,263
18:21:11,ESX-FUTURE,ASK,3136.0,990
18:21:11,SP-FUTURE,ASK,2770.75,1616
18:21:12,SP-FUTURE,ASK,2770.75,224
18:21:12,SP-FUTURE,ASK,2770.75,482
18:21:12,ESX-FUTURE,ASK,3137.5,442
18:21:13,SP-FUTURE,ASK,2770.75,293
18:21:13,ESX-FUTURE,ASK,3137.75,1031
18:21:14,SP-FUTURE,BID,2770.75,150
18:21:14,ESX-FUTURE,ASK,3137.5,93
18:21:15,SP-FUTURE,ASK,2771.0,1497
18:21:15,SP-FUTURE,ASK,2771.0,1687
18:21:16,ESX-FUTURE,ASK,3141.5,78
18:21:16,ESX-FUTURE,ASK,3141.5,227
18:21:17,ESX-FUTURE,ASK,3141.5,2982
18:21:17,SP-FUTURE,ASK,2771.25,43
18:21:19,ESX-FUTURE,BID,3141.25,144
18:21:19,ESX-FUTURE,BID,3141.25,44
18:21:19,SP-FUTURE,ASK,2771.25,495
18:21:19,SP-FUTURE,BID,2771.0,1705
18:21:20,ESX-FUTURE,BID,3139.25,493
18:21:21,SP-FUTURE,BID,2770.75,572
18:21:22,ESX-FUTURE,BID,3139.0,1729
18:21:23,SP-FUTURE,ASK,2770.75,803
18:21:23,ESX-FUTURE,BID,3139.0,1491
18:21:24,SP-FUTURE,BID,2770.25,90
18:21:24,ESX-FUTURE,BID,3139.0,986
18:21:24,SP-FUTURE,BID,2770.0,25
18:21:25,ESX-FUTURE,ASK,3139.25,345
18:21:26,ESX-FUTURE,BID,3139.0,1030
18:21:26,SP-FUTURE,BID,2769.75,171
18:21:27,ESX-FUTURE,BID,3139.0,1313
18:21:27,SP-FUTURE,ASK,2769.75,874
18:21:28,ESX-FUTURE,ASK,3139.75,89
18:21:29,SP-FUTURE,ASK,2769.75,1018
18:21:29,ESX-FUTURE,BID,3140.5,277
18:21:30,SP-FUTURE,BID,2769.5,23
18:21:30,ESX-FUTURE,ASK,3140.75,1060
18:21:31,SP-FUTURE,BID,2769.5,204
18:21:32,ESX-FUTURE,ASK,3140.5,277
18:21:32,SP-FUTURE,ASK,2769.75,1
18:21:33,ESX-FUTURE,ASK,3140.5,243
18:21:34,SP-FUTURE,ASK,2769.75,1
18:21:35,ESX-FUTURE,ASK,3140.5,559
18:21:35,SP-FUTURE,BID,2770.0,2
18:21:36,ESX-FUTURE,BID,3140.25,3129
18:21:36,SP-FUTURE,BID,2767.5,222
18:21:37,ESX-FUTURE,ASK,3140.5,1490
18:21:37,SP-FUTURE,ASK,2768.75,1265
18:21:37,ESX-FUTURE,ASK,3141.25,1400
18:21:38,SP-FUTURE,BID,2769.0,11
18:21:38,ESX-FUTURE,ASK,3141.25,23
18:21:38,SP-FUTURE,BID,2769.0,62
18:21:39,ESX-FUTURE,BID,3141.0,196
18:21:39,SP-FUTURE,BID,2768.75,44
18:21:40,ESX-FUTURE,ASK,3141.25,2554
18:21:40,SP-FUTURE,ASK,2770.75,472
18:21:41,ESX-FUTURE,BID,3141.0,244
18:21:41,SP-FUTURE,BID,2770.25,566
18:21:42,SP-FUTURE,BID,2770.25,117
18:21:42,ESX-FUTURE,BID,3140.75,645
18:21:43,ESX-FUTURE,BID,3140.75,1420
18:21:43,SP-FUTURE,BID,2770.0,140
18:21:44,SP-FUTURE,ASK,2770.25,538
18:21:44,ESX-FUTURE,ASK,3141.0,216
18:21:45,SP-FUTURE,BID,2770.0,117
18:21:46,ESX-FUTURE,BID,3140.75,1511
18:21:46,SP-FUTURE,BID,2769.25,740
18:21:46,ESX-FUTURE,BID,3140.25,1979
18:21:47,ESX-FUTURE,ASK,3140.5,63
18:21:47,SP-FUTURE,ASK,2769.25,247
18:21:48,ESX-FUTURE,BID,3140.5,482
18:21:49,SP-FUTURE,BID,2769.0,109
18:21:49,ESX-FUTURE,ASK,3140.75,1301
18:21:50,ESX-FUTURE,ASK,3140.75,752
18:21:50,SP-FUTURE,ASK,2769.75,43
18:21:50,ESX-FUTURE,ASK,3140.75,642
18:21:51,ESX-FUTURE,ASK,3140.75,585
18:21:51,SP-FUTURE,BID,2769.75,67
18:21:52,ESX-FUTURE,ASK,3140.75,447
18:21:53,SP-FUTURE,ASK,2770.0,402
18:21:53,ESX-FUTURE,BID,3140.5,713
18:21:53,SP-FUTURE,ASK,2770.0,1162
18:21:53,ESX-FUTURE,ASK,3141.0,327
18:21:54,SP-FUTURE,BID,2769.75,106
18:21:54,ESX-FUTURE,ASK,3141.0,457
18:21:55,SP-FUTURE,ASK,2770.0,319
18:21:55,ESX-FUTURE,BID,3140.75,574
18:21:56,ESX-FUTURE,ASK,3141.0,1152
18:21:56,SP-FUTURE,ASK,2770.5,1241
18:21:57,SP-FUTURE,ASK,2770.5,420
18:21:57,SP-FUTURE,BID,2770.25,48
18:21:57,SP-FUTURE,BID,2770.25,154
18:21:58,SP-FUTURE,ASK,2770.5,196
18:21:58,ESX-FUTURE,BID,3141.0,205
18:22:00,SP-FUTURE,BID,2770.0,589
18:22:00,ESX-FUTURE,ASK,3141.0,36
18:22:01,ESX-FUTURE,ASK,3141.0,750
18:22:01,SP-FUTURE,BID,2770.5,194
18:22:02,ESX-FUTURE,BID,3140.75,761
18:22:02,SP-FUTURE,ASK,2770.5,763
18:22:02,ESX-FUTURE,ASK,3141.25,294
18:22:03,ESX-FUTURE,ASK,3141.25,960
18:22:03,SP-FUTURE,ASK,2770.75,38
18:22:04,SP-FUTURE,ASK,2770.75,2
18:22:04,ESX-FUTURE,ASK,3141.25,1446
18:22:05,SP-FUTURE,ASK,2771.75,1247
18:22:06,ESX-FUTURE,BID,3142.5,197
18:22:06,SP-FUTURE,BID,2771.5,469
18:22:07,SP-FUTURE,ASK,2771.75,217
18:22:07,ESX-FUTURE,ASK,3142.5,277
18:22:08,ESX-FUTURE,BID,3142.25,365
18:22:08,SP-FUTURE,BID,2771.5,68
18:22:09,ESX-FUTURE,ASK,3142.5,441
18:22:09,SP-FUTURE,BID,2771.5,152
18:22:10,SP-FUTURE,BID,2771.5,84
18:22:11,ESX-FUTURE,ASK,3142.25,30
18:22:11,SP-FUTURE,BID,2771.5,373
18:22:12,ESX-FUTURE,BID,3142.0,47
18:22:12,SP-FUTURE,BID,2771.5,127
18:22:13,SP-FUTURE,ASK,2771.75,1846
18:22:13,ESX-FUTURE,BID,3144.5,404
18:22:14,SP-FUTURE,BID,2771.25,177
18:22:14,ESX-FUTURE,BID,3144.5,360
18:22:15,SP-FUTURE,BID,2771.25,906
18:22:16,ESX-FUTURE,ASK,3143.75,105
18:22:16,SP-FUTURE,ASK,2771.5,1012
18:22:17,ESX-FUTURE,BID,3144.25,1790
18:22:17,SP-FUTURE,BID,2771.0,387
18:22:18,SP-FUTURE,ASK,2771.25,414
18:22:18,ESX-FUTURE,ASK,3144.5,31
18:22:19,SP-FUTURE,ASK,2771.25,376
18:22:19,ESX-FUTURE,ASK,3144.75,292
18:22:20,SP-FUTURE,ASK,2771.25,422
18:22:21,ESX-FUTURE,BID,3144.75,147
18:22:21,SP-FUTURE,BID,2771.0,255
18:22:22,ESX-FUTURE,BID,3144.75,536
18:22:22,SP-FUTURE,ASK,2771.0,86
18:22:23,SP-FUTURE,BID,2770.75,1121
18:22:23,ESX-FUTURE,ASK,3144.75,1137
18:22:24,ESX-FUTURE,BID,3144.5,38
18:22:24,SP-FUTURE,ASK,2771.5,491
18:22:24,SP-FUTURE,ASK,2771.5,1035
18:22:25,ESX-FUTURE,BID,3145.25,1613
18:22:26,SP-FUTURE,BID,2770.0,436
18:22:26,ESX-FUTURE,BID,3145.0,2223
18:22:27,SP-FUTURE,BID,2769.25,97
18:22:27,SP-FUTURE,BID,2769.25,207
18:22:27,ESX-FUTURE,ASK,3145.25,426
18:22:27,SP-FUTURE,ASK,2769.75,947
18:22:28,ESX-FUTURE,ASK,3146.0,44
18:22:28,SP-FUTURE,ASK,2769.75,76
18:22:28,ESX-FUTURE,ASK,3146.0,29
18:22:29,SP-FUTURE,BID,2769.5,921
18:22:29,ESX-FUTURE,BID,3145.25,276
18:22:31,ESX-FUTURE,ASK,3145.5,119
18:22:31,SP-FUTURE,ASK,2769.75,449
18:22:32,SP-FUTURE,ASK,2769.75,585
18:22:32,ESX-FUTURE,BID,3145.5,722
18:22:32,ESX-FUTURE,BID,3145.5,70
18:22:32,ESX-FUTURE,BID,3145.5,325
18:22:32,SP-FUTURE,BID,2769.0,247
18:22:32,ESX-FUTURE,ASK,3145.5,76
18:22:33,SP-FUTURE,ASK,2769.25,828
18:22:34,SP-FUTURE,BID,2769.0,38
18:22:35,ESX-FUTURE,ASK,3146.0,1996
18:22:35,ESX-FUTURE,BID,3145.75,684
18:22:36,SP-FUTURE,ASK,2770.0,345
18:22:36,SP-FUTURE,BID,2769.75,341
18:22:36,ESX-FUTURE,BID,3145.75,1483
18:22:37,ESX-FUTURE,ASK,3146.0,33
18:22:37,ESX-FUTURE,BID,3145.75,2214
18:22:37,SP-FUTURE,BID,2767.0,468
18:22:38,ESX-FUTURE,BID,3145.5,72
18:22:38,SP-FUTURE,ASK,2767.25,910
18:22:39,ESX-FUTURE,ASK,3146.0,83
18:22:39,ESX-FUTURE,BID,3145.75,2289
18:22:40,SP-FUTURE,ASK,2767.0,191
18:22:40,ESX-FUTURE,ASK,3146.25,551
18:22:41,SP-FUTURE,BID,2767.0,354
18:22:41,SP-FUTURE,ASK,2767.25,1041
18:22:42,ESX-FUTURE,BID,3146.25,1322
18:22:43,SP-FUTURE,ASK,2767.0,3
18:22:43,ESX-FUTURE,BID,3146.25,2031
18:22:44,SP-FUTURE,BID,2766.75,40
18:22:44,SP-FUTURE,BID,2766.75,30
18:22:45,ESX-FUTURE,BID,3146.25,2204
18:22:46,SP-FUTURE,BID,2766.0,186
18:22:46,ESX-FUTURE,ASK,3146.5,279
18:22:47,SP-FUTURE,BID,2766.25,78
18:22:47,ESX-FUTURE,ASK,3146.5,106
18:22:47,SP-FUTURE,BID,2766.25,167
18:22:48,SP-FUTURE,ASK,2766.5,681
18:22:48,ESX-FUTURE,BID,3146.5,651
18:22:49,SP-FUTURE,ASK,2766.25,3
18:22:49,ESX-FUTURE,BID,3146.5,1539
18:22:50,SP-FUTURE,ASK,2766.0,1728
18:22:50,ESX-FUTURE,BID,3148.25,2974
18:22:51,SP-FUTURE,BID,2765.5,142
18:22:51,ESX-FUTURE,ASK,3148.5,39
18:22:52,SP-FUTURE,ASK,2765.75,23
18:22:53,ESX-FUTURE,BID,3148.5,10
18:22:53,SP-FUTURE,ASK,2765.75,22
18:22:54,ESX-FUTURE,BID,3148.5,11
18:22:54,SP-FUTURE,BID,2765.5,207
18:22:54,ESX-FUTURE,BID,3148.5,40
18:22:55,ESX-FUTURE,ASK,3148.75,657
18:22:56,SP-FUTURE,BID,2765.5,37
18:22:56,SP-FUTURE,BID,2765.5,681
18:22:56,ESX-FUTURE,BID,3148.25,1444
18:22:57,ESX-FUTURE,BID,3148.25,950
18:22:58,SP-FUTURE,ASK,2765.75,193
18:22:58,SP-FUTURE,ASK,2765.75,302
18:22:59,ESX-FUTURE,ASK,3148.75,687
18:22:59,SP-FUTURE,ASK,2766.0,461
18:23:00,ESX-FUTURE,ASK,3149.0,363
18:23:00,ESX-FUTURE,ASK,3149.0,1549
18:23:01,SP-FUTURE,BID,2766.25,508
18:23:02,ESX-FUTURE,BID,3148.75,245
18:23:02,SP-FUTURE,ASK,2766.5,383
18:23:02,ESX-FUTURE,ASK,3149.0,93
18:23:03,ESX-FUTURE,BID,3148.75,214
18:23:04,SP-FUTURE,ASK,2766.5,87
18:23:04,ESX-FUTURE,BID,3149.0,71
18:23:05,ESX-FUTURE,ASK,3149.25,1967
18:23:05,SP-FUTURE,BID,2766.5,124
18:23:05,SP-FUTURE,ASK,2766.75,1212
18:23:05,SP-FUTURE,ASK,2766.75,1328
18:23:06,ESX-FUTURE,ASK,3150.0,146
18:23:07,SP-FUTURE,ASK,2766.75,530
18:23:07,ESX-FUTURE,BID,3150.0,332
18:23:08,SP-FUTURE,BID,2766.5,98
18:23:08,SP-FUTURE,BID,2766.5,75
18:23:09,ESX-FUTURE,BID,3150.0,616
18:23:09,SP-FUTURE,ASK,2766.5,762
18:23:10,SP-FUTURE,ASK,2766.5,207
18:23:10,SP-FUTURE,BID,2766.25,50
18:23:11,ESX-FUTURE,BID,3150.0,1095
18:23:11,SP-FUTURE,BID,2765.75,22
18:23:11,SP-FUTURE,BID,2765.75,436
18:23:12,SP-FUTURE,BID,2765.75,1132
18:23:12,SP-FUTURE,ASK,2766.0,748
18:23:12,ESX-FUTURE,BID,3149.0,1599
18:23:14,SP-FUTURE,BID,2765.0,418
18:23:14,ESX-FUTURE,BID,3149.0,42
18:23:15,SP-FUTURE,ASK,2765.25,756
18:23:15,ESX-FUTURE,ASK,3149.75,1115
18:23:15,SP-FUTURE,BID,2765.0,552
18:23:16,ESX-FUTURE,ASK,3149.5,569
18:23:17,SP-FUTURE,ASK,2765.5,1282
18:23:17,ESX-FUTURE,BID,3150.75,776
18:23:17,ESX-FUTURE,ASK,3151.0,362
18:23:18,SP-FUTURE,BID,2765.0,378
18:23:19,SP-FUTURE,ASK,2765.25,5
18:23:19,ESX-FUTURE,BID,3150.75,1203
18:23:19,ESX-FUTURE,BID,3150.75,1222
18:23:20,SP-FUTURE,BID,2764.0,3
18:23:21,ESX-FUTURE,BID,3150.75,1953
18:23:21,ESX-FUTURE,ASK,3151.0,1852
18:23:22,SP-FUTURE,BID,2763.5,588
18:23:22,ESX-FUTURE,ASK,3151.0,745
18:23:23,SP-FUTURE,ASK,2764.0,498
18:23:24,SP-FUTURE,ASK,2764.0,993
18:23:24,ESX-FUTURE,ASK,3151.0,578
18:23:25,ESX-FUTURE,BID,3150.75,703
18:23:25,ESX-FUTURE,ASK,3151.0,283
18:23:25,SP-FUTURE,BID,2763.75,1175
18:23:26,ESX-FUTURE,ASK,3150.5,3429
18:23:26,SP-FUTURE,BID,2765.5,72
18:23:27,ESX-FUTURE,BID,3150.0,94
18:23:27,SP-FUTURE,BID,2765.5,71
18:23:28,ESX-FUTURE,ASK,3150.25,6
18:23:29,SP-FUTURE,BID,2765.5,350
18:23:30,SP-FUTURE,BID,2765.5,181
18:23:30,ESX-FUTURE,ASK,3150.0,502
18:23:31,ESX-FUTURE,BID,3149.75,398
18:23:31,SP-FUTURE,BID,2765.5,874
18:23:32,ESX-FUTURE,BID,3149.75,144
18:23:32,SP-FUTURE,BID,2765.5,243
18:23:33,SP-FUTURE,BID,2765.5,871
18:23:33,ESX-FUTURE,ASK,3149.75,2179
18:23:33,ESX-FUTURE,ASK,3149.75,1849
18:23:34,ESX-FUTURE,ASK,3149.75,743
18:23:34,SP-FUTURE,BID,2765.5,955
18:23:35,ESX-FUTURE,ASK,3149.5,993
18:23:36,SP-FUTURE,ASK,2766.0,1248
18:23:36,ESX-FUTURE,BID,3150.0,156
18:23:37,ESX-FUTURE,ASK,3150.25,1142
18:23:37,SP-FUTURE,BID,2765.75,229
18:23:37,SP-FUTURE,BID,2765.75,944
18:23:38,ESX-FUTURE,ASK,3150.25,283
18:23:38,SP-FUTURE,BID,2766.0,10
18:23:39,SP-FUTURE,BID,2766.0,5
18:23:39,ESX-FUTURE,ASK,3150.25,3025
18:23:39,SP-FUTURE,BID,2766.5,429
18:23:40,ESX-FUTURE,BID,3149.75,328
18:23:40,SP-FUTURE,ASK,2766.75,14
18:23:41,ESX-FUTURE,ASK,3150.0,17
18:23:42,SP-FUTURE,BID,2766.5,383
18:23:42,ESX-FUTURE,BID,3149.75,689
18:23:42,SP-FUTURE,BID,2766.5,732
18:23:42,SP-FUTURE,ASK,2766.75,134
18:23:43,ESX-FUTURE,ASK,3150.0,383
18:23:43,SP-FUTURE,BID,2766.75,14
18:23:43,SP-FUTURE,ASK,2767.0,947
18:23:44,ESX-FUTURE,BID,3149.75,1826
18:23:45,SP-FUTURE,ASK,2765.5,21
18:23:46,SP-FUTURE,BID,2765.25,1156
18:23:46,ESX-FUTURE,BID,3149.5,789
18:23:47,ESX-FUTURE,BID,3149.5,24
18:23:47,SP-FUTURE,BID,2765.0,467
18:23:48,ESX-FUTURE,BID,3149.5,15
18:23:48,SP-FUTURE,ASK,2765.25,84
18:23:49,ESX-FUTURE,ASK,3149.75,4
18:23:49,SP-FUTURE,BID,2765.0,221
18:23:50,ESX-FUTURE,ASK,3149.75,998
18:23:51,SP-FUTURE,ASK,2765.25,272
18:23:51,ESX-FUTURE,BID,3149.5,344
18:23:52,SP-FUTURE,ASK,2765.25,487
18:23:52,ESX-FUTURE,BID,3149.75,1425
18:23:52,ESX-FUTURE,BID,3149.75,106
18:23:53,SP-FUTURE,BID,2764.75,691
18:23:53,ESX-FUTURE,BID,3149.5,871
18:23:53,ESX-FUTURE,BID,3149.5,1289
18:23:54,SP-FUTURE,ASK,2764.0,90
18:23:55,ESX-FUTURE,ASK,3149.75,763
18:23:55,SP-FUTURE,ASK,2764.5,254
18:23:56,ESX-FUTURE,BID,3149.5,2002
18:23:56,ESX-FUTURE,BID,3149.5,818
18:23:56,SP-FUTURE,ASK,2763.75,93
18:23:56,ESX-FUTURE,BID,3149.5,2354
18:23:57,ESX-FUTURE,ASK,3149.75,665
18:23:57,SP-FUTURE,BID,2763.0,43
18:23:58,ESX-FUTURE,BID,3149.5,1181
18:23:59,SP-FUTURE,BID,2762.75,6
18:23:59,ESX-FUTURE,BID,3149.5,23
18:24:00,SP-FUTURE,BID,2762.75,30
18:24:00,ESX-FUTURE,ASK,3149.75,49
18:24:01,ESX-FUTURE,ASK,3149.75,655
18:24:01,SP-FUTURE,ASK,2763.25,26
18:24:02,ESX-FUTURE,BID,3149.5,295
18:24:02,SP-FUTURE,BID,2763.0,576
18:24:03,SP-FUTURE,ASK,2763.25,124
18:24:03,ESX-FUTURE,ASK,3149.5,287
18:24:03,SP-FUTURE,BID,2763.0,767
18:24:04,ESX-FUTURE,BID,3148.5,1731
18:24:05,ESX-FUTURE,BID,3148.5,1421
18:24:05,SP-FUTURE,ASK,2761.5,240
18:24:07,ESX-FUTURE,BID,3148.5,3736
18:24:07,SP-FUTURE,BID,2761.25,6
18:24:08,ESX-FUTURE,ASK,3148.75,5
18:24:08,SP-FUTURE,BID,2761.25,2
18:24:09,ESX-FUTURE,ASK,3148.75,3
18:24:09,SP-FUTURE,BID,2761.25,8
18:24:10,ESX-FUTURE,ASK,3148.75,2
18:24:10,ESX-FUTURE,BID,3148.5,1327
18:24:11,ESX-FUTURE,ASK,3148.75,13
18:24:11,SP-FUTURE,BID,2761.0,1692
18:24:13,SP-FUTURE,BID,2761.0,2339
18:24:13,ESX-FUTURE,ASK,3145.0,437
18:24:14,ESX-FUTURE,BID,3144.75,556
18:24:15,SP-FUTURE,ASK,2761.25,120
18:24:16,ESX-FUTURE,ASK,3145.0,83
18:24:16,ESX-FUTURE,BID,3144.75,187
18:24:17,ESX-FUTURE,ASK,3145.0,668
18:24:17,SP-FUTURE,ASK,2761.5,1150
18:24:18,SP-FUTURE,ASK,2761.5,417
18:24:18,ESX-FUTURE,ASK,3146.5,655
18:24:18,SP-FUTURE,ASK,2761.75,1153
18:24:19,ESX-FUTURE,ASK,3146.75,528
18:24:20,SP-FUTURE,BID,2761.5,609
18:24:20,ESX-FUTURE,ASK,3146.5,262
18:24:21,SP-FUTURE,ASK,2761.75,108
18:24:21,ESX-FUTURE,BID,3146.25,2237
18:24:21,ESX-FUTURE,ASK,3146.5,562
18:24:21,SP-FUTURE,ASK,2760.75,321
18:24:22,SP-FUTURE,ASK,2760.75,107
18:24:22,ESX-FUTURE,BID,3146.5,74
18:24:23,SP-FUTURE,BID,2760.5,166
18:24:23,ESX-FUTURE,ASK,3146.5,378
18:24:24,SP-FUTURE,BID,2760.5,744
18:24:25,ESX-FUTURE,BID,3146.25,351
18:24:25,SP-FUTURE,ASK,2760.75,102
18:24:26,ESX-FUTURE,ASK,3146.5,3291
18:24:27,ESX-FUTURE,ASK,3146.5,938
18:24:27,SP-FUTURE,ASK,2764.5,790
18:24:27,ESX-FUTURE,BID,3146.75,741
18:24:27,SP-FUTURE,BID,2764.25,350
18:24:28,SP-FUTURE,BID,2764.25,161
18:24:28,ESX-FUTURE,ASK,3146.75,850
18:24:29,SP-FUTURE,BID,2764.75,233
18:24:29,ESX-FUTURE,ASK,3146.75,222
18:24:30,SP-FUTURE,ASK,2765.0,435
18:24:30,SP-FUTURE,ASK,2765.0,916
18:24:30,ESX-FUTURE,BID,3147.0,91
18:24:31,ESX-FUTURE,BID,3147.0,23
18:24:32,SP-FUTURE,BID,2764.75,112
18:24:33,ESX-FUTURE,BID,3147.0,102
18:24:33,ESX-FUTURE,ASK,3147.25,1451
18:24:34,SP-FUTURE,BID,2764.75,584
18:24:34,SP-FUTURE,ASK,2765.0,217
18:24:34,ESX-FUTURE,ASK,3146.75,526
18:24:35,SP-FUTURE,BID,2765.0,48
18:24:35,ESX-FUTURE,ASK,3146.75,850
18:24:36,SP-FUTURE,ASK,2765.5,554
18:24:36,ESX-FUTURE,ASK,3147.0,382
18:24:37,ESX-FUTURE,BID,3146.75,884
18:24:38,SP-FUTURE,BID,2765.0,1136
18:24:38,ESX-FUTURE,BID,3146.0,158
18:24:39,SP-FUTURE,BID,2765.0,401
18:24:40,SP-FUTURE,ASK,2765.25,206
18:24:40,ESX-FUTURE,ASK,3146.0,385
18:24:41,ESX-FUTURE,ASK,3146.0,697
18:24:41,SP-FUTURE,BID,2765.5,25
18:24:42,ESX-FUTURE,BID,3145.75,509
18:24:42,ESX-FUTURE,BID,3145.75,1087
18:24:43,SP-FUTURE,BID,2765.0,37
18:24:43,SP-FUTURE,BID,2765.0,319
18:24:44,ESX-FUTURE,BID,3145.5,1187
18:24:44,SP-FUTURE,ASK,2765.0,17
18:24:45,ESX-FUTURE,BID,3145.5,1778
18:24:45,ESX-FUTURE,BID,3145.5,1106
18:24:45,SP-FUTURE,ASK,2764.75,1430
18:24:45,SP-FUTURE,ASK,2764.75,279
18:24:46,SP-FUTURE,ASK,2764.75,166
18:24:46,ESX-FUTURE,BID,3147.5,346
18:24:46,SP-FUTURE,BID,2764.5,26
18:24:47,ESX-FUTURE,ASK,3147.75,274
18:24:48,SP-FUTURE,ASK,2764.75,896
18:24:48,SP-FUTURE,ASK,2764.75,82
18:24:48,ESX-FUTURE,ASK,3148.0,444
18:24:50,ESX-FUTURE,ASK,3148.0,438
18:24:50,SP-FUTURE,BID,2764.75,141
18:24:50,ESX-FUTURE,ASK,3148.0,1071
18:24:51,SP-FUTURE,BID,2765.0,234
18:24:51,ESX-FUTURE,BID,3147.75,1063
18:24:52,ESX-FUTURE,ASK,3148.0,500
18:24:53,ESX-FUTURE,BID,3147.75,223
18:24:53,SP-FUTURE,BID,2764.5,167
18:24:54,SP-FUTURE,BID,2764.5,71
18:24:55,ESX-FUTURE,BID,3147.5,654
18:24:55,SP-FUTURE,ASK,2764.5,85
18:24:56,ESX-FUTURE,ASK,3148.0,1134
18:24:57,SP-FUTURE,ASK,2764.5,152
18:24:57,ESX-FUTURE,BID,3147.75,135
18:24:58,ESX-FUTURE,BID,3147.75,241
18:24:58,ESX-FUTURE,ASK,3148.0,1023
18:24:59,SP-FUTURE,ASK,2764.75,304
18:25:00,ESX-FUTURE,BID,3147.75,380
18:25:00,SP-FUTURE,ASK,2764.75,682
18:25:00,ESX-FUTURE,ASK,3148.25,766
18:25:01,SP-FUTURE,BID,2764.5,101
18:25:01,ESX-FUTURE,ASK,3148.25,379
18:25:01,SP-FUTURE,BID,2764.75,43
18:25:01,SP-FUTURE,BID,2764.75,112
18:25:02,ESX-FUTURE,BID,3148.0,188
18:25:02,SP-FUTURE,ASK,2764.75,10
18:25:03,ESX-FUTURE,BID,3148.0,79
18:25:03,SP-FUTURE,BID,2764.5,266
18:25:04,SP-FUTURE,BID,2764.5,792
18:25:05,ESX-FUTURE,ASK,3148.0,681
18:25:05,SP-FUTURE,BID,2764.75,15
18:25:06,ESX-FUTURE,ASK,3148.0,970
18:25:06,SP-FUTURE,BID,2764.75,1000
18:25:07,ESX-FUTURE,BID,3146.75,926
18:25:07,ESX-FUTURE,ASK,3147.0,215
18:25:07,SP-FUTURE,ASK,2765.0,1890
18:25:07,ESX-FUTURE,ASK,3147.5,1660
18:25:08,SP-FUTURE,BID,2765.5,1214
18:25:08,ESX-FUTURE,ASK,3146.5,394
18:25:09,ESX-FUTURE,BID,3146.25,2200
18:25:09,SP-FUTURE,ASK,2764.75,190
18:25:10,ESX-FUTURE,ASK,3146.75,1885
18:25:11,ESX-FUTURE,ASK,3146.75,777
18:25:11,SP-FUTURE,BID,2764.75,1189
18:25:12,SP-FUTURE,ASK,2765.0,8
18:25:12,SP-FUTURE,ASK,2765.0,36
18:25:12,ESX-FUTURE,BID,3146.0,241
18:25:14,ESX-FUTURE,BID,3146.0,345
18:25:14,SP-FUTURE,BID,2764.75,524
18:25:15,ESX-FUTURE,BID,3145.75,45
18:25:15,ESX-FUTURE,BID,3145.75,138
18:25:16,SP-FUTURE,ASK,2765.0,532
18:25:16,ESX-FUTURE,BID,3146.0,7
18:25:17,SP-FUTURE,BID,2764.75,231
18:25:17,ESX-FUTURE,ASK,3146.0,706
18:25:19,ESX-FUTURE,ASK,3146.0,550
18:25:19,SP-FUTURE,BID,2765.25,412
18:25:19,ESX-FUTURE,BID,3145.5,21
18:25:20,SP-FUTURE,BID,2765.25,85
18:25:20,ESX-FUTURE,ASK,3145.75,720
18:25:21,ESX-FUTURE,ASK,3145.75,1040
18:25:22,SP-FUTURE,BID,2766.25,51
18:25:23,ESX-FUTURE,ASK,3145.75,427
18:25:23,SP-FUTURE,ASK,2766.5,746
18:25:23,ESX-FUTURE,BID,3146.0,1819
18:25:24,SP-FUTURE,BID,2765.75,343
18:25:24,SP-FUTURE,ASK,2766.0,246
18:25:25,ESX-FUTURE,BID,3146.0,2073
18:25:26,SP-FUTURE,BID,2765.5,30
18:25:26,ESX-FUTURE,BID,3146.0,34
18:25:26,ESX-FUTURE,ASK,3146.25,354
18:25:26,SP-FUTURE,ASK,2765.75,699
18:25:27,SP-FUTURE,BID,2765.5,110
18:25:27,ESX-FUTURE,ASK,3147.0,3749
18:25:28,ESX-FUTURE,ASK,3147.0,628
18:25:28,SP-FUTURE,ASK,2770.25,564
18:25:28,ESX-FUTURE,ASK,3147.25,825
18:25:28,ESX-FUTURE,BID,3147.0,926
18:25:29,SP-FUTURE,BID,2770.0,769
18:25:29,SP-FUTURE,ASK,2770.25,1005
18:25:30,SP-FUTURE,ASK,2770.25,177
18:25:30,ESX-FUTURE,ASK,3147.5,62
18:25:30,SP-FUTURE,BID,2770.0,800
18:25:30,SP-FUTURE,BID,2770.0,648
18:25:31,ESX-FUTURE,ASK,3146.75,290
18:25:32,SP-FUTURE,BID,2770.0,785
18:25:32,SP-FUTURE,BID,2770.0,310
18:25:33,ESX-FUTURE,ASK,3146.0,645
18:25:33,SP-FUTURE,ASK,2770.5,531
18:25:34,ESX-FUTURE,BID,3146.0,2995
18:25:35,SP-FUTURE,ASK,2769.75,271
18:25:36,ESX-FUTURE,ASK,3146.5,261
18:25:36,SP-FUTURE,BID,2769.5,576
18:25:36,ESX-FUTURE,BID,3146.0,871
18:25:37,SP-FUTURE,ASK,2769.75,1114
18:25:37,ESX-FUTURE,BID,3146.25,169
18:25:38,ESX-FUTURE,ASK,3146.5,2247
18:25:38,ESX-FUTURE,BID,3146.25,156
18:25:38,SP-FUTURE,BID,2769.75,194
18:25:39,ESX-FUTURE,BID,3146.0,906
18:25:39,ESX-FUTURE,ASK,3146.25,514
18:25:40,SP-FUTURE,ASK,2770.0,1210
18:25:40,ESX-FUTURE,BID,3146.5,615
18:25:41,SP-FUTURE,ASK,2769.75,548
18:25:42,ESX-FUTURE,BID,3147.0,354
18:25:42,SP-FUTURE,ASK,2769.75,547
18:25:43,ESX-FUTURE,BID,3147.0,899
18:25:43,SP-FUTURE,ASK,2769.5,86
18:25:43,ESX-FUTURE,ASK,3147.25,4
18:25:44,ESX-FUTURE,BID,3147.0,2583
18:25:44,SP-FUTURE,BID,2768.75,283
18:25:45,ESX-FUTURE,BID,3147.0,837
18:25:46,ESX-FUTURE,BID,3147.0,33
18:25:46,SP-FUTURE,ASK,2768.75,609
18:25:46,ESX-FUTURE,BID,3147.25,1359
18:25:47,SP-FUTURE,BID,2768.25,1464
18:25:48,ESX-FUTURE,ASK,3146.25,166
18:25:49,ESX-FUTURE,ASK,3146.25,690
18:25:49,ESX-FUTURE,BID,3146.0,790
18:25:49,SP-FUTURE,ASK,2768.5,432
18:25:50,ESX-FUTURE,BID,3146.0,647
18:25:50,SP-FUTURE,BID,2768.0,141
18:25:50,SP-FUTURE,BID,2768.0,45
18:25:50,SP-FUTURE,ASK,2768.25,761
18:25:51,ESX-FUTURE,ASK,3146.5,1940
18:25:52,SP-FUTURE,ASK,2769.0,975
18:25:52,ESX-FUTURE,BID,3147.0,1327
18:25:53,SP-FUTURE,ASK,2768.0,178
18:25:53,ESX-FUTURE,BID,3147.0,1259
18:25:53,SP-FUTURE,ASK,2767.5,356
18:25:54,ESX-FUTURE,ASK,3147.5,824
18:25:55,ESX-FUTURE,BID,3147.25,107
18:25:55,SP-FUTURE,ASK,2767.5,656
18:25:55,ESX-FUTURE,BID,3147.5,680
18:25:55,ESX-FUTURE,BID,3147.5,933
18:25:56,SP-FUTURE,BID,2766.5,294
18:25:56,SP-FUTURE,ASK,2766.75,743
18:25:57,ESX-FUTURE,BID,3147.75,104
18:25:57,SP-FUTURE,ASK,2766.75,337
18:25:57,ESX-FUTURE,ASK,3148.0,874
18:25:58,SP-FUTURE,BID,2767.0,111
18:25:58,ESX-FUTURE,BID,3147.75,1073
18:25:59,SP-FUTURE,ASK,2766.75,1417
18:25:59,ESX-FUTURE,BID,3149.25,366
18:25:59,SP-FUTURE,ASK,2766.75,1138
18:26:00,ESX-FUTURE,BID,3150.0,74
18:26:00,SP-FUTURE,ASK,2766.75,1293
18:26:01,SP-FUTURE,ASK,2766.75,504
18:26:01,ESX-FUTURE,ASK,3151.25,204
18:26:02,SP-FUTURE,ASK,2766.75,521
18:26:03,ESX-FUTURE,BID,3151.25,1698
18:26:03,SP-FUTURE,ASK,2766.5,524
18:26:04,SP-FUTURE,ASK,2766.5,198
18:26:04,ESX-FUTURE,ASK,3151.75,1512
18:26:05,SP-FUTURE,ASK,2766.75,616
18:26:05,ESX-FUTURE,BID,3151.5,4017
18:26:05,ESX-FUTURE,BID,3151.5,1981
18:26:06,ESX-FUTURE,BID,3151.5,3051
18:26:06,SP-FUTURE,BID,2761.5,44
18:26:06,ESX-FUTURE,BID,3151.5,683
18:26:07,ESX-FUTURE,BID,3151.5,1099
18:26:07,SP-FUTURE,ASK,2761.75,472
18:26:08,ESX-FUTURE,ASK,3152.0,470
18:26:08,ESX-FUTURE,ASK,3152.0,816
18:26:08,SP-FUTURE,ASK,2762.25,1174
18:26:09,SP-FUTURE,ASK,2762.25,406
18:26:10,SP-FUTURE,ASK,2762.25,546
18:26:11,SP-FUTURE,BID,2762.0,127
18:26:11,ESX-FUTURE,ASK,3152.5,536
18:26:11,ESX-FUTURE,BID,3152.25,304
18:26:12,SP-FUTURE,BID,2762.0,96
18:26:12,ESX-FUTURE,ASK,3152.5,363
18:26:13,ESX-FUTURE,ASK,3152.5,2500
18:26:14,ESX-FUTURE,ASK,3152.5,153
18:26:14,SP-FUTURE,ASK,2764.5,758
18:26:15,ESX-FUTURE,ASK,3153.0,471
18:26:16,SP-FUTURE,BID,2764.5,105
18:26:16,SP-FUTURE,ASK,2764.75,316
18:26:16,ESX-FUTURE,BID,3152.75,28
18:26:17,SP-FUTURE,BID,2764.5,116
18:26:18,ESX-FUTURE,ASK,3153.0,644
18:26:19,SP-FUTURE,BID,2764.75,104
18:26:19,ESX-FUTURE,ASK,3153.0,33
18:26:20,SP-FUTURE,BID,2764.75,106
18:26:20,ESX-FUTURE,ASK,3153.0,2116
18:26:21,ESX-FUTURE,BID,3152.75,1630
18:26:21,SP-FUTURE,ASK,2765.5,194
18:26:22,ESX-FUTURE,ASK,3153.0,299
18:26:22,SP-FUTURE,ASK,2765.75,530
18:26:22,ESX-FUTURE,ASK,3153.25,984
18:26:23,SP-FUTURE,BID,2765.5,57
18:26:24,SP-FUTURE,ASK,2765.75,687
18:26:24,ESX-FUTURE,BID,3153.25,67
18:26:25,SP-FUTURE,BID,2765.5,196
18:26:25,ESX-FUTURE,ASK,3153.25,150
18:26:26,SP-FUTURE,ASK,2765.75,536
18:26:26,ESX-FUTURE,BID,3153.25,1593
18:26:27,SP-FUTURE,ASK,2765.25,354
18:26:28,ESX-FUTURE,BID,3153.5,1715
18:26:28,SP-FUTURE,BID,2764.0,707
18:26:29,ESX-FUTURE,BID,3153.0,696
18:26:29,SP-FUTURE,BID,2763.75,197
18:26:30,SP-FUTURE,BID,2763.75,1516
18:26:30,ESX-FUTURE,ASK,3151.5,14
18:26:31,SP-FUTURE,ASK,2764.0,415
18:26:31,SP-FUTURE,BID,2763.75,758
18:26:32,ESX-FUTURE,ASK,3151.25,1252
18:26:32,ESX-FUTURE,ASK,3151.25,759
18:26:32,SP-FUTURE,BID,2765.0,395
18:26:32,ESX-FUTURE,ASK,3151.0,6
18:26:32,ESX-FUTURE,BID,3150.75,1568
18:26:33,ESX-FUTURE,ASK,3151.0,7
18:26:33,SP-FUTURE,BID,2765.0,768
18:26:35,SP-FUTURE,BID,2765.0,917
18:26:35,ESX-FUTURE,BID,3149.5,61
18:26:35,ESX-FUTURE,BID,3149.5,276
18:26:36,SP-FUTURE,ASK,2765.25,198
18:26:37,ESX-FUTURE,BID,3149.5,115
18:26:37,SP-FUTURE,ASK,2765.0,2
18:26:39,ESX-FUTURE,BID,3149.5,331
18:26:39,SP-FUTURE,BID,2764.75,786
18:26:40,ESX-FUTURE,BID,3149.0,409
18:26:40,SP-FUTURE,BID,2764.75,222
18:26:41,ESX-FUTURE,BID,3149.0,181
18:26:41,SP-FUTURE,BID,2764.5,401
18:26:42,ESX-FUTURE,ASK,3149.25,3851
18:26:43,SP-FUTURE,ASK,2769.5,447
18:26:44,ESX-FUTURE,ASK,3149.25,288
18:26:45,SP-FUTURE,BID,2769.25,584
18:26:45,ESX-FUTURE,ASK,3149.25,153
18:26:45,SP-FUTURE,BID,2769.5,86
18:26:45,ESX-FUTURE,ASK,3149.25,200
18:26:46,SP-FUTURE,BID,2769.5,388
18:26:47,ESX-FUTURE,BID,3148.75,2797
18:26:47,SP-FUTURE,BID,2766.5,817
18:26:48,ESX-FUTURE,ASK,3148.75,2689
18:26:49,SP-FUTURE,ASK,2767.75,138
18:26:49,ESX-FUTURE,BID,3148.5,92
18:26:50,SP-FUTURE,ASK,2767.75,328
18:26:50,ESX-FUTURE,ASK,3148.75,1034
18:26:51,SP-FUTURE,BID,2768.0,197
18:26:51,ESX-FUTURE,BID,3148.5,211
18:26:52,SP-FUTURE,BID,2768.0,253
18:26:53,ESX-FUTURE,ASK,3148.5,91
18:26:53,SP-FUTURE,ASK,2768.25,489
18:26:54,ESX-FUTURE,ASK,3148.75,2483
18:26:54,SP-FUTURE,ASK,2770.0,59
18:26:55,ESX-FUTURE,ASK,3148.75,1880
18:26:55,ESX-FUTURE,ASK,3148.75,816
18:26:55,SP-FUTURE,ASK,2771.25,578
18:26:56,ESX-FUTURE,BID,3148.75,360
18:26:57,ESX-FUTURE,BID,3148.75,27
18:26:57,SP-FUTURE,BID,2770.75,1011
18:26:58,ESX-FUTURE,ASK,3148.75,502
18:26:59,SP-FUTURE,ASK,2771.25,1531
18:26:59,ESX-FUTURE,BID,3148.5,82
18:27:00,ESX-FUTURE,BID,3148.5,481
18:27:00,SP-FUTURE,BID,2770.75,310
18:27:00,SP-FUTURE,BID,2770.75,346
18:27:01,SP-FUTURE,ASK,2771.0,1359
18:27:01,ESX-FUTURE,ASK,3150.0,36
18:27:02,ESX-FUTURE,ASK,3150.0,9
18:27:02,SP-FUTURE,ASK,2771.0,992
18:27:03,SP-FUTURE,ASK,2771.0,143
18:27:03,ESX-FUTURE,BID,3150.75,479
18:27:03,SP-FUTURE,BID,2770.5,19
18:27:04,ESX-FUTURE,ASK,3151.0,557
18:27:04,SP-FUTURE,ASK,2771.0,26
18:27:05,ESX-FUTURE,ASK,3151.0,50
18:27:06,ESX-FUTURE,ASK,3151.0,2587
18:27:06,SP-FUTURE,BID,2772.25,1063
18:27:07,ESX-FUTURE,ASK,3150.25,633
18:27:08,SP-FUTURE,BID,2772.5,131
18:27:09,ESX-FUTURE,ASK,3150.25,3412
18:27:09,ESX-FUTURE,ASK,3150.25,2230
18:27:09,SP-FUTURE,BID,2777.0,52
18:27:10,SP-FUTURE,BID,2777.0,12
18:27:10,ESX-FUTURE,BID,3150.0,71
18:27:11,SP-FUTURE,ASK,2777.25,954
18:27:12,ESX-FUTURE,BID,3150.75,891
18:27:12,SP-FUTURE,BID,2776.5,274
18:27:12,SP-FUTURE,ASK,2776.75,76
18:27:13,SP-FUTURE,BID,2776.5,263
18:27:13,ESX-FUTURE,BID,3150.75,791
18:27:14,ESX-FUTURE,BID,3150.75,511
18:27:14,ESX-FUTURE,ASK,3151.0,478
18:27:14,SP-FUTURE,ASK,2776.5,262
18:27:16,ESX-FUTURE,BID,3150.75,3099
18:27:16,SP-FUTURE,ASK,2773.25,73
18:27:17,ESX-FUTURE,BID,3150.75,747
18:27:17,SP-FUTURE,BID,2772.75,284
18:27:17,ESX-FUTURE,BID,3150.75,983
18:27:17,ESX-FUTURE,BID,3150.75,1507
18:27:18,SP-FUTURE,BID,2771.5,263
18:27:18,SP-FUTURE,ASK,2771.75,40
18:27:19,ESX-FUTURE,ASK,3151.0,624
18:27:19,ESX-FUTURE,BID,3150.75,812
18:27:20,SP-FUTURE,ASK,2771.5,548
18:27:20,ESX-FUTURE,ASK,3151.0,30
18:27:21,SP-FUTURE,BID,2771.25,57
18:27:21,ESX-FUTURE,ASK,3151.0,620
18:27:22,SP-FUTURE,BID,2771.5,65
18:27:23,ESX-FUTURE,BID,3150.75,232
18:27:23,ESX-FUTURE,ASK,3151.0,1281
18:27:23,SP-FUTURE,BID,2772.0,348
18:27:24,SP-FUTURE,BID,2772.0,444
18:27:25,SP-FUTURE,ASK,2772.25,486
18:27:25,ESX-FUTURE,ASK,3151.25,1503
18:27:26,SP-FUTURE,ASK,2773.25,1374
18:27:26,ESX-FUTURE,BID,3151.0,652
18:27:27,SP-FUTURE,ASK,2773.0,44
18:27:27,ESX-FUTURE,ASK,3151.25,179
18:27:28,SP-FUTURE,ASK,2773.0,48
18:27:29,ESX-FUTURE,ASK,3151.25,160
18:27:29,SP-FUTURE,BID,2773.0,99
18:27:29,ESX-FUTURE,BID,3151.0,1857
18:27:30,ESX-FUTURE,ASK,3151.25,625
18:27:30,ESX-FUTURE,BID,3151.0,2760
18:27:30,SP-FUTURE,BID,2771.0,44
18:27:31,SP-FUTURE,BID,2771.0,207
18:27:32,SP-FUTURE,ASK,2771.25,1084
18:27:32,ESX-FUTURE,ASK,3151.75,3278
18:27:32,SP-FUTURE,BID,2774.5,635
18:27:33,ESX-FUTURE,ASK,3151.5,58
18:27:33,ESX-FUTURE,BID,3151.25,77
18:27:34,ESX-FUTURE,BID,3151.25,594
18:27:34,SP-FUTURE,ASK,2774.75,231
18:27:35,ESX-FUTURE,ASK,3151.5,1
18:27:35,SP-FUTURE,BID,2774.5,1092
18:27:35,SP-FUTURE,ASK,2774.75,527
18:27:36,SP-FUTURE,ASK,2774.75,1040
18:27:37,ESX-FUTURE,ASK,3151.75,298
18:27:38,ESX-FUTURE,ASK,3151.75,69
18:27:38,SP-FUTURE,BID,2774.5,289
18:27:38,ESX-FUTURE,ASK,3151.75,351
18:27:38,SP-FUTURE,ASK,2775.0,1024
18:27:39,SP-FUTURE,ASK,2775.0,845
18:27:39,SP-FUTURE,BID,2774.75,37
18:27:39,ESX-FUTURE,BID,3152.25,138
18:27:40,ESX-FUTURE,ASK,3152.5,910
18:27:41,ESX-FUTURE,BID,3152.25,588
18:27:41,SP-FUTURE,BID,2774.75,2
18:27:41,ESX-FUTURE,ASK,3152.5,1623
18:27:41,SP-FUTURE,BID,2776.0,28
18:27:42,SP-FUTURE,ASK,2776.25,85
18:27:42,ESX-FUTURE,ASK,3152.5,226
18:27:42,ESX-FUTURE,ASK,3152.5,653
18:27:43,SP-FUTURE,ASK,2776.25,147
18:27:44,ESX-FUTURE,BID,3152.25,2823
18:27:44,SP-FUTURE,ASK,2773.5,1939
18:27:44,ESX-FUTURE,BID,3155.0,672
18:27:45,ESX-FUTURE,BID,3155.0,2143
18:27:46,SP-FUTURE,BID,2772.5,824
18:27:46,ESX-FUTURE,BID,3154.75,404
18:27:47,SP-FUTURE,BID,2772.5,919
18:27:47,ESX-FUTURE,BID,3154.0,64
18:27:48,SP-FUTURE,BID,2772.5,315
18:27:48,ESX-FUTURE,ASK,3154.0,34
18:27:48,SP-FUTURE,BID,2772.5,278
18:27:49,ESX-FUTURE,BID,3153.75,25
18:27:49,SP-FUTURE,ASK,2772.75,966
18:27:49,ESX-FUTURE,ASK,3154.5,8
18:27:50,SP-FUTURE,BID,2772.5,421
18:27:51,ESX-FUTURE,BID,3154.0,1043
18:27:51,ESX-FUTURE,ASK,3154.25,8
18:27:52,SP-FUTURE,BID,2772.25,337
18:27:53,ESX-FUTURE,ASK,3154.25,654
18:27:53,SP-FUTURE,ASK,2772.75,46
18:27:53,ESX-FUTURE,BID,3154.0,1921
18:27:54,ESX-FUTURE,ASK,3154.25,934
18:27:55,SP-FUTURE,BID,2771.25,281
18:27:56,ESX-FUTURE,ASK,3154.0,370
18:27:57,SP-FUTURE,BID,2771.25,34
18:27:57,ESX-FUTURE,BID,3153.75,3193
18:27:58,ESX-FUTURE,ASK,3154.0,120
18:27:58,SP-FUTURE,ASK,2769.75,699
18:27:58,SP-FUTURE,BID,2769.5,64
18:27:59,ESX-FUTURE,BID,3154.0,181
18:27:59,SP-FUTURE,ASK,2769.5,29
18:28:00,SP-FUTURE,ASK,2769.5,5
18:28:00,SP-FUTURE,ASK,2769.5,19
18:28:00,ESX-FUTURE,BID,3154.0,115
18:28:00,SP-FUTURE,ASK,2769.5,61
18:28:01,ESX-FUTURE,BID,3154.0,938
18:28:02,SP-FUTURE,BID,2769.0,76
18:28:02,ESX-FUTURE,BID,3154.0,1053
18:28:03,SP-FUTURE,BID,2768.25,249
18:28:03,ESX-FUTURE,BID,3153.75,937
18:28:04,ESX-FUTURE,BID,3153.75,892
18:28:04,SP-FUTURE,ASK,2768.25,58
18:28:05,SP-FUTURE,BID,2768.0,1411
18:28:05,ESX-FUTURE,BID,3153.75,160
18:28:06,SP-FUTURE,ASK,2768.25,109
18:28:06,ESX-FUTURE,BID,3153.75,1316
18:28:07,SP-FUTURE,ASK,2767.75,1819
18:28:07,SP-FUTURE,ASK,2767.75,628
18:28:08,ESX-FUTURE,BID,3154.25,706
18:28:08,SP-FUTURE,ASK,2767.25,323
18:28:08,ESX-FUTURE,BID,3154.25,2510
18:28:09,ESX-FUTURE,BID,3154.25,1736
18:28:10,ESX-FUTURE,ASK,3154.5,289
18:28:10,SP-FUTURE,BID,2766.25,26
18:28:11,ESX-FUTURE,ASK,3154.5,125
18:28:11,SP-FUTURE,BID,2766.25,14
18:28:12,ESX-FUTURE,ASK,3154.5,31
18:28:12,SP-FUTURE,BID,2766.25,1306
18:28:13,ESX-FUTURE,BID,3153.75,1580
18:28:14,ESX-FUTURE,ASK,3154.0,339
18:28:14,SP-FUTURE,BID,2766.0,109
18:28:15,SP-FUTURE,BID,2766.0,409
18:28:16,ESX-FUTURE,BID,3153.75,109
18:28:16,SP-FUTURE,BID,2766.0,116
18:28:17,SP-FUTURE,BID,2766.0,1286
18:28:17,ESX-FUTURE,ASK,3152.5,2385
18:28:18,SP-FUTURE,BID,2766.5,1084
18:28:19,SP-FUTURE,BID,2766.5,570
18:28:20,ESX-FUTURE,BID,3151.25,1455
18:28:20,SP-FUTURE,ASK,2766.25,67
18:28:21,SP-FUTURE,BID,2766.0,779
18:28:21,ESX-FUTURE,BID,3151.0,246
18:28:21,SP-FUTURE,BID,2766.0,137
18:28:22,ESX-FUTURE,BID,3150.75,2533
18:28:23,SP-FUTURE,ASK,2765.5,323
18:28:23,ESX-FUTURE,ASK,3151.25,245
18:28:24,SP-FUTURE,BID,2765.25,2360
18:28:24,ESX-FUTURE,BID,3147.25,2556
18:28:24,ESX-FUTURE,BID,3147.25,894
18:28:25,SP-FUTURE,ASK,2764.5,303
18:28:26,ESX-FUTURE,ASK,3147.75,1649
18:28:26,SP-FUTURE,BID,2765.25,6
18:28:26,SP-FUTURE,BID,2765.25,30
18:28:27,ESX-FUTURE,ASK,3147.75,987
18:28:27,SP-FUTURE,ASK,2765.75,2002
18:28:28,SP-FUTURE,ASK,2765.75,444
18:28:28,ESX-FUTURE,BID,3150.5,1063
18:28:29,ESX-FUTURE,ASK,3150.75,2732
18:28:29,SP-FUTURE,ASK,2767.75,203
18:28:29,ESX-FUTURE,ASK,3150.75,978
18:28:30,ESX-FUTURE,ASK,3150.75,462
18:28:31,SP-FUTURE,ASK,2768.5,528
18:28:31,ESX-FUTURE,ASK,3151.0,1722
18:28:32,SP-FUTURE,BID,2769.5,12
18:28:32,ESX-FUTURE,BID,3150.75,1167
18:28:32,SP-FUTURE,ASK,2769.25,392
18:28:32,ESX-FUTURE,ASK,3151.25,1204
18:28:33,ESX-FUTURE,ASK,3151.25,361
18:28:34,SP-FUTURE,BID,2769.25,1564
18:28:34,SP-FUTURE,BID,2769.25,80
18:28:34,ESX-FUTURE,BID,3149.75,840
18:28:34,SP-FUTURE,BID,2769.25,40
18:28:35,ESX-FUTURE,ASK,3150.0,728
18:28:35,SP-FUTURE,ASK,2769.75,545
18:28:36,ESX-FUTURE,ASK,3150.25,1600
18:28:36,SP-FUTURE,BID,2770.0,431
18:28:37,ESX-FUTURE,ASK,3150.0,161
18:28:38,SP-FUTURE,ASK,2770.25,184
18:28:38,SP-FUTURE,BID,2770.0,331
18:28:38,ESX-FUTURE,BID,3149.75,1288
18:28:39,ESX-FUTURE,BID,3149.75,2245
18:28:39,SP-FUTURE,BID,2769.25,1821
18:28:40,ESX-FUTURE,BID,3147.25,1503
18:28:40,SP-FUTURE,BID,2768.75,77
18:28:41,SP-FUTURE,BID,2768.75,530
18:28:41,SP-FUTURE,BID,2768.75,372
18:28:41,ESX-FUTURE,ASK,3147.25,1943
18:28:42,ESX-FUTURE,ASK,3147.25,245
18:28:42,SP-FUTURE,BID,2770.5,138
18:28:43,SP-FUTURE,ASK,2770.75,484
18:28:43,ESX-FUTURE,BID,3147.25,298
18:28:44,ESX-FUTURE,ASK,3147.5,3035
18:28:44,SP-FUTURE,ASK,2774.0,639
18:28:45,ESX-FUTURE,BID,3147.25,95
18:28:45,SP-FUTURE,BID,2773.75,198
18:28:46,ESX-FUTURE,BID,3147.25,677
18:28:47,SP-FUTURE,ASK,2773.75,42
18:28:47,SP-FUTURE,ASK,2773.75,207
18:28:47,ESX-FUTURE,ASK,3147.5,198
18:28:48,ESX-FUTURE,ASK,3147.5,346
18:28:48,SP-FUTURE,ASK,2773.75,74
18:28:49,ESX-FUTURE,ASK,3147.5,460
18:28:49,SP-FUTURE,BID,2773.75,402
18:28:50,SP-FUTURE,ASK,2774.0,578
18:28:50,ESX-FUTURE,BID,3147.5,2128
18:28:51,SP-FUTURE,ASK,2772.75,227
18:28:51,ESX-FUTURE,ASK,3147.75,314
18:28:53,SP-FUTURE,ASK,2772.75,265
18:28:53,ESX-FUTURE,BID,3147.75,442
18:28:54,ESX-FUTURE,BID,3147.75,162
18:28:54,SP-FUTURE,BID,2772.5,43
18:28:55,ESX-FUTURE,ASK,3148.0,3
18:28:55,SP-FUTURE,BID,2772.5,28
18:28:56,SP-FUTURE,ASK,2772.75,446
18:28:56,ESX-FUTURE,ASK,3148.0,1800
18:28:57,SP-FUTURE,BID,2773.75,829
18:28:57,SP-FUTURE,BID,2773.75,1088
18:28:57,ESX-FUTURE,ASK,3147.5,4
18:28:57,ESX-FUTURE,ASK,3147.5,85
18:28:58,SP-FUTURE,ASK,2774.0,63
18:28:58,SP-FUTURE,ASK,2774.0,4
18:28:58,ESX-FUTURE,BID,3147.5,25
18:28:59,ESX-FUTURE,BID,3147.5,70
18:28:59,SP-FUTURE,BID,2773.75,1333
18:28:59,ESX-FUTURE,BID,3147.0,1004
18:28:59,SP-FUTURE,ASK,2773.5,36
18:29:00,SP-FUTURE,ASK,2773.5,79
18:29:00,ESX-FUTURE,ASK,3147.25,360
18:29:01,SP-FUTURE,ASK,2773.75,1074
18:29:02,ESX-FUTURE,ASK,3147.75,699
18:29:03,SP-FUTURE,BID,2773.75,75
18:29:04,SP-FUTURE,BID,2773.75,65
18:29:04,ESX-FUTURE,BID,3147.5,472
18:29:04,SP-FUTURE,ASK,2773.75,886
18:29:05,SP-FUTURE,BID,2773.5,266
18:29:05,ESX-FUTURE,BID,3148.0,1091
18:29:06,ESX-FUTURE,BID,3148.0,459
18:29:06,ESX-FUTURE,ASK,3148.25,147
18:29:07,SP-FUTURE,ASK,2773.0,528
18:29:07,ESX-FUTURE,ASK,3148.25,1
18:29:08,SP-FUTURE,ASK,2773.0,58
18:29:09,SP-FUTURE,BID,2772.75,654
18:29:09,ESX-FUTURE,ASK,3147.75,121
18:29:10,ESX-FUTURE,BID,3147.5,2376
18:29:10,SP-FUTURE,ASK,2772.75,1313
18:29:10,SP-FUTURE,ASK,2772.75,129
18:29:11,ESX-FUTURE,ASK,3149.25,1374
18:29:12,ESX-FUTURE,BID,3149.0,87
18:29:12,SP-FUTURE,ASK,2773.0,561
18:29:13,ESX-FUTURE,BID,3149.0,723
18:29:13,SP-FUTURE,ASK,2772.75,784
18:29:13,ESX-FUTURE,BID,3149.5,506
18:29:14,SP-FUTURE,BID,2772.5,134
18:29:15,ESX-FUTURE,BID,3149.5,1737
18:29:15,SP-FUTURE,BID,2771.0,360
18:29:16,ESX-FUTURE,BID,3149.25,463
18:29:17,ESX-FUTURE,ASK,3149.5,395
18:29:17,SP-FUTURE,ASK,2771.25,53
18:29:18,ESX-FUTURE,BID,3149.25,507
18:29:18,SP-FUTURE,ASK,2771.25,108
18:29:19,ESX-FUTURE,BID,3149.5,7
18:29:19,SP-FUTURE,ASK,2771.25,402
18:29:19,ESX-FUTURE,ASK,3149.75,29
18:29:20,SP-FUTURE,ASK,2771.25,388
18:29:20,ESX-FUTURE,BID,3149.75,1246
18:29:21,ESX-FUTURE,BID,3149.75,898
18:29:21,ESX-FUTURE,ASK,3150.0,306
18:29:21,ESX-FUTURE,BID,3149.75,2415
18:29:21,ESX-FUTURE,ASK,3150.0,99
18:29:21,SP-FUTURE,BID,2770.5,144
18:29:22,ESX-FUTURE,BID,3149.75,155
18:29:23,SP-FUTURE,ASK,2770.75,157
18:29:24,ESX-FUTURE,ASK,3150.0,248
18:29:24,SP-FUTURE,BID,2770.5,325
18:29:24,ESX-FUTURE,ASK,3149.75,1
18:29:25,SP-FUTURE,ASK,2770.75,883
18:29:26,ESX-FUTURE,ASK,3150.25,941
18:29:26,SP-FUTURE,ASK,2771.0,2130
18:29:27,ESX-FUTURE,ASK,3152.5,475
18:29:28,ESX-FUTURE,BID,3152.25,65
18:29:28,SP-FUTURE,ASK,2771.0,822
18:29:28,SP-FUTURE,BID,2770.75,567
18:29:29,SP-FUTURE,ASK,2771.0,794
18:29:29,ESX-FUTURE,BID,3152.25,1394
18:29:30,SP-FUTURE,BID,2770.0,656
18:29:30,ESX-FUTURE,ASK,3152.5,196
18:29:31,ESX-FUTURE,ASK,3152.5,1614
18:29:31,SP-FUTURE,ASK,2771.5,409
18:29:32,ESX-FUTURE,ASK,3152.75,291
18:29:33,ESX-FUTURE,ASK,3152.75,478
18:29:33,SP-FUTURE,BID,2771.5,173
18:29:34,SP-FUTURE,ASK,2771.75,109
18:29:34,ESX-FUTURE,BID,3152.5,891
18:29:35,SP-FUTURE,BID,2771.25,139
18:29:36,ESX-FUTURE,ASK,3152.75,184
18:29:36,SP-FUTURE,BID,2771.25,71
18:29:38,ESX-FUTURE,ASK,3152.75,2485
18:29:38,SP-FUTURE,ASK,2774.0,1165
18:29:38,SP-FUTURE,BID,2773.75,61
18:29:39,ESX-FUTURE,ASK,3153.25,1679
18:29:40,SP-FUTURE,BID,2773.75,653
18:29:40,ESX-FUTURE,ASK,3152.75,542
18:29:41,ESX-FUTURE,BID,3152.5,699
18:29:41,SP-FUTURE,BID,2774.0,227
18:29:42,SP-FUTURE,BID,2774.0,254
18:29:42,ESX-FUTURE,BID,3152.25,120
18:29:43,SP-FUTURE,BID,2774.0,104
18:29:44,ESX-FUTURE,ASK,3152.5,286
18:29:44,SP-FUTURE,ASK,2774.25,275
18:29:45,ESX-FUTURE,BID,3152.5,136
18:29:46,ESX-FUTURE,ASK,3152.75,53
18:29:46,SP-FUTURE,BID,2774.0,219
18:29:47,ESX-FUTURE,ASK,3152.5,131
18:29:48,SP-FUTURE,BID,2774.0,424
18:29:48,ESX-FUTURE,BID,3152.25,20
18:29:49,SP-FUTURE,BID,2774.0,355
18:29:50,ESX-FUTURE,ASK,3152.25,1930
18:29:51,SP-FUTURE,BID,2775.5,22
18:29:51,SP-FUTURE,ASK,2775.75,957
18:29:51,SP-FUTURE,ASK,2775.75,244
18:29:51,SP-FUTURE,BID,2775.5,249
18:29:52,ESX-FUTURE,BID,3153.0,455
18:29:52,SP-FUTURE,ASK,2775.75,1384
18:29:53,ESX-FUTURE,ASK,3153.75,541
18:29:53,SP-FUTURE,ASK,2776.0,985
18:29:54,SP-FUTURE,BID,2775.75,29
18:29:54,ESX-FUTURE,ASK,3154.0,1746
18:29:55,ESX-FUTURE,BID,3153.75,615
18:29:55,SP-FUTURE,ASK,2776.0,718
18:29:56,ESX-FUTURE,ASK,3154.25,288
18:29:56,SP-FUTURE,ASK,2776.0,307
18:29:57,ESX-FUTURE,ASK,3154.5,135
18:29:57,SP-FUTURE,BID,2775.75,206
18:29:58,ESX-FUTURE,BID,3154.25,667
18:29:58,SP-FUTURE,BID,2775.5,970
18:29:59,SP-FUTURE,ASK,2775.75,57
18:29:59,ESX-FUTURE,ASK,3154.25,103
18:30:00,SP-FUTURE,ASK,2775.75,42
18:30:00,ESX-FUTURE,BID,3154.0,620
18:30:01,ESX-FUTURE,ASK,3154.25,326
18:30:01,SP-FUTURE,BID,2775.5,266
18:30:02,ESX-FUTURE,BID,3154.0,700
18:30:03,SP-FUTURE,ASK,2775.5,737
18:30:03,ESX-FUTURE,ASK,3154.75,568
18:30:04,SP-FUTURE,BID,2775.5,209
18:30:04,SP-FUTURE,ASK,2775.75,217
18:30:05,ESX-FUTURE,BID,3154.5,741
18:30:05,ESX-FUTURE,ASK,3154.75,1396
18:30:05,SP-FUTURE,BID,2775.25,1279
18:30:06,SP-FUTURE,ASK,2775.5,148
18:30:06,ESX-FUTURE,BID,3153.5,720
18:30:07,ESX-FUTURE,BID,3153.5,560
18:30:07,SP-FUTURE,ASK,2775.25,18
18:30:08,ESX-FUTURE,BID,3153.5,2955
18:30:08,SP-FUTURE,BID,2772.0,186
18:30:09,ESX-FUTURE,BID,3153.5,942
18:30:09,SP-FUTURE,BID,2771.5,1578
18:30:10,ESX-FUTURE,ASK,3152.75,213
18:30:10,SP-FUTURE,ASK,2772.0,1602
18:30:11,ESX-FUTURE,BID,3153.0,1186
18:30:12,SP-FUTURE,BID,2771.25,31
18:30:12,ESX-FUTURE,BID,3153.0,1353
18:30:13,ESX-FUTURE,ASK,3153.25,220
18:30:13,ESX-FUTURE,ASK,3153.25,1710
18:30:13,SP-FUTURE,BID,2771.75,655
18:30:15,ESX-FUTURE,BID,3152.75,2378
18:30:15,SP-FUTURE,BID,2770.25,53
18:30:15,SP-FUTURE,ASK,2770.5,263
18:30:16,ESX-FUTURE,BID,3152.75,1764
18:30:16,SP-FUTURE,BID,2769.5,17
18:30:16,SP-FUTURE,BID,2769.5,844
18:30:17,ESX-FUTURE,BID,3152.25,1635
18:30:18,SP-FUTURE,ASK,2768.5,1522
18:30:18,ESX-FUTURE,ASK,3154.5,19
18:30:19,ESX-FUTURE,BID,3154.25,333
18:30:19,SP-FUTURE,BID,2768.0,856
18:30:19,ESX-FUTURE,ASK,3154.25,153
18:30:20,ESX-FUTURE,BID,3154.0,513
18:30:20,SP-FUTURE,BID,2768.0,354
18:30:21,SP-FUTURE,ASK,2768.25,23
18:30:22,ESX-FUTURE,ASK,3154.25,46
18:30:22,SP-FUTURE,ASK,2768.25,4
18:30:23,SP-FUTURE,BID,2768.0,1701
18:30:24,ESX-FUTURE,BID,3154.0,2060
18:30:24,ESX-FUTURE,BID,3154.0,498
18:30:25,SP-FUTURE,BID,2767.25,1261
18:30:25,SP-FUTURE,BID,2767.25,261
18:30:25,ESX-FUTURE,BID,3154.0,1293
18:30:26,SP-FUTURE,BID,2767.0,40
18:30:26,ESX-FUTURE,ASK,3154.25,849
18:30:27,SP-FUTURE,ASK,2767.5,452
18:30:28,ESX-FUTURE,BID,3154.25,134
18:30:28,SP-FUTURE,ASK,2767.5,840
18:30:29,SP-FUTURE,ASK,2767.5,113
18:30:29,ESX-FUTURE,BID,3155.0,887
18:30:30,ESX-FUTURE,BID,3155.0,887
18:30:30,SP-FUTURE,ASK,2766.5,1058
18:30:31,ESX-FUTURE,BID,3155.75,459
18:30:32,SP-FUTURE,BID,2766.0,1727
18:30:32,ESX-FUTURE,BID,3155.5,2461
18:30:33,SP-FUTURE,ASK,2765.5,194
18:30:33,ESX-FUTURE,ASK,3155.75,6
18:30:33,SP-FUTURE,ASK,2765.5,1189
18:30:34,SP-FUTURE,BID,2765.25,157
18:30:34,SP-FUTURE,BID,2765.25,130
18:30:35,ESX-FUTURE,BID,3156.25,267
18:30:35,SP-FUTURE,ASK,2765.25,7
18:30:36,SP-FUTURE,ASK,2765.25,15
18:30:37,ESX-FUTURE,ASK,3156.5,1221
18:30:37,SP-FUTURE,BID,2765.25,1633
18:30:38,ESX-FUTURE,BID,3156.0,456
18:30:38,SP-FUTURE,BID,2765.25,110
18:30:39,ESX-FUTURE,BID,3155.75,3994
18:30:40,SP-FUTURE,ASK,2760.5,229
18:30:40,SP-FUTURE,ASK,2760.5,382
18:30:40,ESX-FUTURE,BID,3156.25,367
18:30:41,SP-FUTURE,ASK,2760.5,435
18:30:42,ESX-FUTURE,BID,3156.5,211
18:30:42,SP-FUTURE,BID,2760.25,70
18:30:43,SP-FUTURE,BID,2760.25,368
18:30:44,ESX-FUTURE,ASK,3156.5,1103
18:30:44,SP-FUTURE,BID,2760.25,555
18:30:45,ESX-FUTURE,ASK,3156.5,420
18:30:46,ESX-FUTURE,BID,3156.25,95
18:30:46,SP-FUTURE,ASK,2760.5,145
18:30:46,ESX-FUTURE,ASK,3156.5,949
18:30:47,SP-FUTURE,BID,2760.5,1226
18:30:47,ESX-FUTURE,BID,3155.0,757
18:30:48,SP-FUTURE,ASK,2760.5,176
18:30:48,ESX-FUTURE,ASK,3155.25,32
18:30:49,ESX-FUTURE,ASK,3155.25,562
18:30:50,SP-FUTURE,BID,2760.5,223
18:30:51,SP-FUTURE,ASK,2760.75,387
18:30:51,ESX-FUTURE,ASK,3155.25,132
18:30:51,SP-FUTURE,BID,2760.5,677
18:30:51,ESX-FUTURE,BID,3154.5,1166
18:30:52,SP-FUTURE,ASK,2760.75,781
18:30:53,ESX-FUTURE,ASK,3155.0,140
18:30:54,SP-FUTURE,ASK,2760.75,564
18:30:54,ESX-FUTURE,ASK,3155.25,160
18:30:54,SP-FUTURE,ASK,2760.75,118
18:30:55,SP-FUTURE,ASK,2760.75,526
18:30:55,ESX-FUTURE,BID,3155.25,233
18:30:56,SP-FUTURE,BID,2760.5,244
18:30:57,SP-FUTURE,BID,2760.5,593
18:30:57,ESX-FUTURE,ASK,3155.25,3240
18:30:57,SP-FUTURE,BID,2762.75,541
18:30:58,ESX-FUTURE,BID,3154.75,452
18:30:59,ESX-FUTURE,ASK,3155.0,221
18:30:59,SP-FUTURE,ASK,2762.75,23
18:30:59,SP-FUTURE,ASK,2762.75,221
18:31:00,SP-FUTURE,ASK,2762.75,29
18:31:01,ESX-FUTURE,BID,3154.75,2493
18:31:01,SP-FUTURE,ASK,2760.5,834
18:31:01,ESX-FUTURE,BID,3155.0,443
18:31:02,ESX-FUTURE,ASK,3155.25,947
18:31:02,ESX-FUTURE,BID,3155.0,325
18:31:03,SP-FUTURE,ASK,2760.5,65
18:31:03,ESX-FUTURE,BID,3155.0,155
18:31:04,SP-FUTURE,ASK,2760.5,101
18:31:04,ESX-FUTURE,BID,3155.0,1502
18:31:05,SP-FUTURE,BID,2759.75,50
18:31:06,ESX-FUTURE,BID,3155.0,1134
18:31:06,SP-FUTURE,ASK,2759.5,4
18:31:07,SP-FUTURE,BID,2759.25,466
18:31:07,ESX-FUTURE,BID,3154.75,1919
18:31:08,SP-FUTURE,ASK,2758.25,316
18:31:08,ESX-FUTURE,BID,3155.0,7
18:31:09,SP-FUTURE,ASK,2758.25,1049
18:31:09,ESX-FUTURE,ASK,3156.25,718
18:31:10,SP-FUTURE,BID,2758.25,233
18:31:10,ESX-FUTURE,BID,3156.0,402
18:31:10,ESX-FUTURE,BID,3156.0,183
18:31:11,ESX-FUTURE,BID,3156.0,441
18:31:11,SP-FUTURE,ASK,2758.25,1242
18:31:12,SP-FUTURE,BID,2758.0,119
18:31:12,ESX-FUTURE,ASK,3157.0,2097
18:31:13,SP-FUTURE,BID,2758.5,1273
18:31:13,ESX-FUTURE,BID,3156.25,241
18:31:14,SP-FUTURE,ASK,2758.75,774
18:31:15,ESX-FUTURE,ASK,3157.0,1003
18:31:15,SP-FUTURE,ASK,2759.5,250
18:31:16,ESX-FUTURE,ASK,3157.0,99
18:31:16,SP-FUTURE,BID,2759.25,56
18:31:17,SP-FUTURE,BID,2759.25,315
18:31:17,ESX-FUTURE,ASK,3157.0,547
18:31:17,SP-FUTURE,BID,2759.25,142
18:31:17,ESX-FUTURE,ASK,3156.75,614
18:31:19,SP-FUTURE,BID,2759.5,284
18:31:19,ESX-FUTURE,BID,3156.5,732
18:31:19,ESX-FUTURE,ASK,3156.75,203
18:31:20,SP-FUTURE,ASK,2759.5,383
18:31:20,ESX-FUTURE,ASK,3156.75,628
18:31:21,SP-FUTURE,ASK,2759.75,236
18:31:21,ESX-FUTURE,BID,3156.75,254
18:31:22,ESX-FUTURE,ASK,3157.0,606
18:31:23,SP-FUTURE,BID,2759.5,428
18:31:23,SP-FUTURE,ASK,2759.75,707
18:31:24,ESX-FUTURE,ASK,3157.0,62
18:31:24,SP-FUTURE,ASK,2759.75,143
18:31:24,SP-FUTURE,ASK,2759.75,487
18:31:25,SP-FUTURE,ASK,2759.75,742
18:31:25,ESX-FUTURE,ASK,3157.75,249
18:31:26,SP-FUTURE,ASK,2759.75,599
18:31:26,ESX-FUTURE,BID,3158.0,280
18:31:27,ESX-FUTURE,ASK,3158.25,260
18:31:27,ESX-FUTURE,BID,3158.0,44
18:31:28,SP-FUTURE,BID,2759.5,329
18:31:29,ESX-FUTURE,BID,3158.0,1489
18:31:29,SP-FUTURE,BID,2759.0,49
18:31:29,ESX-FUTURE,BID,3158.0,1514
18:31:30,SP-FUTURE,BID,2758.25,29
18:31:31,SP-FUTURE,BID,2758.25,60
18:31:31,ESX-FUTURE,ASK,3158.25,2025
18:31:31,ESX-FUTURE,ASK,3158.25,938
18:31:32,SP-FUTURE,ASK,2760.5,253
18:31:33,ESX-FUTURE,BID,3158.0,3530
18:31:34,SP-FUTURE,BID,2756.25,287
18:31:35,ESX-FUTURE,ASK,3158.25,334
18:31:35,SP-FUTURE,BID,2756.25,75
18:31:36,SP-FUTURE,BID,2756.25,319
18:31:36,ESX-FUTURE,BID,3157.75,2671
18:31:36,ESX-FUTURE,BID,3157.75,231
18:31:36,SP-FUTURE,BID,2755.25,55
18:31:36,SP-FUTURE,BID,2755.25,103
18:31:37,SP-FUTURE,ASK,2755.5,774
18:31:37,ESX-FUTURE,BID,3158.0,159
18:31:38,SP-FUTURE,ASK,2755.25,84
18:31:39,SP-FUTURE,BID,2755.0,2249
18:31:40,ESX-FUTURE,BID,3155.75,262
18:31:40,SP-FUTURE,ASK,2755.25,115
18:31:40,ESX-FUTURE,ASK,3156.25,548
18:31:41,SP-FUTURE,BID,2755.25,75
18:31:42,ESX-FUTURE,ASK,3156.25,2302
18:31:42,SP-FUTURE,BID,2755.25,63
18:31:43,ESX-FUTURE,ASK,3156.25,3180
18:31:43,SP-FUTURE,ASK,2755.5,104
18:31:44,ESX-FUTURE,BID,3156.0,443
18:31:44,SP-FUTURE,ASK,2755.5,316
18:31:45,ESX-FUTURE,ASK,3156.25,180
18:31:46,ESX-FUTURE,BID,3156.0,605
18:31:46,SP-FUTURE,BID,2755.0,47
18:31:47,SP-FUTURE,BID,2755.0,102
18:31:47,ESX-FUTURE,BID,3156.0,154
18:31:48,SP-FUTURE,ASK,2755.25,1169
18:31:49,ESX-FUTURE,BID,3156.0,773
18:31:49,ESX-FUTURE,BID,3156.0,72
18:31:49,SP-FUTURE,BID,2754.5,429
18:31:50,ESX-FUTURE,ASK,3156.25,469
18:31:50,SP-FUTURE,BID,2754.5,389
18:31:50,SP-FUTURE,ASK,2754.75,11
18:31:51,ESX-FUTURE,BID,3156.0,78
18:31:52,SP-FUTURE,BID,2754.5,1455
18:31:53,ESX-FUTURE,BID,3155.5,336
18:31:53,ESX-FUTURE,ASK,3155.75,972
18:31:53,SP-FUTURE,BID,2754.5,618
18:31:54,ESX-FUTURE,ASK,3155.5,505
18:31:55,SP-FUTURE,ASK,2755.0,527
18:31:55,ESX-FUTURE,ASK,3155.75,514
18:31:56,ESX-FUTURE,ASK,3155.75,609
18:31:56,SP-FUTURE,ASK,2755.5,444
18:31:57,ESX-FUTURE,BID,3155.75,519
18:31:57,ESX-FUTURE,BID,3155.75,113
18:31:57,SP-FUTURE,BID,2755.0,1248
18:31:58,SP-FUTURE,ASK,2755.25,229
18:31:58,ESX-FUTURE,ASK,3154.5,118
18:31:58,SP-FUTURE,BID,2755.0,433
18:32:00,ESX-FUTURE,BID,3154.25,482
18:32:00,SP-FUTURE,ASK,2755.0,227
18:32:01,SP-FUTURE,BID,2754.75,595
18:32:01,ESX-FUTURE,BID,3154.25,249
18:32:02,SP-FUTURE,ASK,2755.0,1047
18:32:02,ESX-FUTURE,BID,3155.25,1154
18:32:03,ESX-FUTURE,BID,3155.25,1369
18:32:03,SP-FUTURE,ASK,2754.0,562
18:32:04,ESX-FUTURE,ASK,3156.0,1103
18:32:04,ESX-FUTURE,BID,3155.75,11
18:32:04,SP-FUTURE,ASK,2754.0,417
18:32:05,SP-FUTURE,BID,2753.75,157
18:32:06,ESX-FUTURE,ASK,3156.25,2454
18:32:06,ESX-FUTURE,ASK,3156.25,41
18:32:07,ESX-FUTURE,ASK,3156.25,3723
18:32:07,SP-FUTURE,BID,2758.75,409
18:32:07,SP-FUTURE,ASK,2759.0,456
18:32:08,SP-FUTURE,ASK,2759.0,777
18:32:08,ESX-FUTURE,BID,3156.25,27
18:32:09,ESX-FUTURE,BID,3156.25,351
18:32:09,ESX-FUTURE,ASK,3156.5,196
18:32:09,SP-FUTURE,BID,2758.75,172
18:32:10,ESX-FUTURE,ASK,3156.5,806
18:32:11,ESX-FUTURE,ASK,3156.5,1167
18:32:11,ESX-FUTURE,ASK,3156.5,97
18:32:12,SP-FUTURE,BID,2759.75,378
18:32:13,SP-FUTURE,BID,2759.75,395
18:32:13,ESX-FUTURE,ASK,3156.5,8
18:32:13,SP-FUTURE,BID,2759.75,195
18:32:15,SP-FUTURE,ASK,2760.0,61
18:32:15,ESX-FUTURE,ASK,3156.5,442
18:32:16,SP-FUTURE,ASK,2760.25,486
18:32:16,ESX-FUTURE,BID,3156.5,356
18:32:17,SP-FUTURE,BID,2759.75,959
18:32:17,SP-FUTURE,BID,2759.75,1601
18:32:18,ESX-FUTURE,BID,3156.0,416
18:32:18,SP-FUTURE,BID,2759.75,674
18:32:18,SP-FUTURE,BID,2759.75,593
18:32:19,SP-FUTURE,BID,2759.75,236
18:32:20,ESX-FUTURE,BID,3155.25,22
18:32:20,SP-FUTURE,BID,2759.75,730
18:32:21,ESX-FUTURE,ASK,3154.75,26
18:32:21,SP-FUTURE,ASK,2760.0,218
18:32:21,ESX-FUTURE,ASK,3155.0,87
18:32:21,ESX-FUTURE,ASK,3155.0,384
18:32:22,SP-FUTURE,ASK,2760.0,376
18:32:22,SP-FUTURE,BID,2759.75,85
18:32:23,ESX-FUTURE,BID,3154.75,1808
18:32:24,SP-FUTURE,BID,2759.25,1115
18:32:24,ESX-FUTURE,BID,3154.75,679
18:32:25,ESX-FUTURE,ASK,3155.0,1435
18:32:26,SP-FUTURE,BID,2760.0,65
18:32:26,ESX-FUTURE,BID,3154.75,1278
18:32:27,ESX-FUTURE,BID,3154.75,285
18:32:27,SP-FUTURE,ASK,2759.5,541
18:32:28,ESX-FUTURE,ASK,3155.0,28
18:32:28,SP-FUTURE,ASK,2759.5,1052
18:32:30,ESX-FUTURE,BID,3155.25,933
18:32:30,SP-FUTURE,ASK,2759.25,324
18:32:31,ESX-FUTURE,ASK,3155.75,1433
18:32:31,SP-FUTURE,BID,2759.75,1214
18:32:31,ESX-FUTURE,BID,3154.0,998
18:32:31,SP-FUTURE,ASK,2760.0,1424
18:32:32,ESX-FUTURE,ASK,3155.0,2618
18:32:32,ESX-FUTURE,ASK,3155.0,387
18:32:32,ESX-FUTURE,ASK,3155.0,396
18:32:33,SP-FUTURE,BID,2762.5,124
18:32:33,ESX-FUTURE,BID,3154.75,189
18:32:34,SP-FUTURE,BID,2762.25,1446
18:32:34,SP-FUTURE,BID,2762.25,1875
18:32:35,SP-FUTURE,BID,2762.25,644
18:32:35,ESX-FUTURE,ASK,3153.0,70
18:32:36,SP-FUTURE,ASK,2762.5,86
18:32:36,ESX-FUTURE,BID,3152.75,2581
18:32:36,SP-FUTURE,ASK,2761.25,9
18:32:37,ESX-FUTURE,ASK,3153.0,416
18:32:38,SP-FUTURE,BID,2761.25,911
18:32:38,ESX-FUTURE,ASK,3152.5,1959
18:32:39,SP-FUTURE,BID,2763.0,402
18:32:39,ESX-FUTURE,ASK,3152.25,49
18:32:39,ESX-FUTURE,ASK,3152.25,369
18:32:40,SP-FUTURE,ASK,2763.25,1
18:32:41,SP-FUTURE,BID,2763.0,794
18:32:41,ESX-FUTURE,ASK,3152.0,290
18:32:42,SP-FUTURE,ASK,2763.5,765
18:32:42,ESX-FUTURE,ASK,3152.25,354
18:32:43,ESX-FUTURE,BID,3152.0,289
18:32:43,SP-FUTURE,BID,2763.25,39
18:32:44,ESX-FUTURE,ASK,3152.25,354
18:32:44,SP-FUTURE,BID,2763.25,344
18:32:45,ESX-FUTURE,ASK,3152.25,515
18:32:45,ESX-FUTURE,ASK,3152.25,362
18:32:46,SP-FUTURE,BID,2763.75,43
18:32:47,ESX-FUTURE,ASK,3152.25,706
18:32:47,SP-FUTURE,BID,2764.0,111
18:32:47,SP-FUTURE,ASK,2764.25,277
18:32:48,ESX-FUTURE,BID,3152.0,607
18:32:49,ESX-FUTURE,ASK,3152.25,605
18:32:49,SP-FUTURE,ASK,2764.25,313
18:32:51,ESX-FUTURE,ASK,3152.5,3433
18:32:51,SP-FUTURE,BID,2767.25,59
18:32:51,ESX-FUTURE,ASK,3152.5,1961
18:32:51,SP-FUTURE,ASK,2767.5,7
18:32:52,ESX-FUTURE,BID,3152.25,110
18:32:52,SP-FUTURE,BID,2767.25,226
18:32:53,ESX-FUTURE,BID,3152.25,12
18:32:54,SP-FUTURE,ASK,2767.5,70
18:32:54,ESX-FUTURE,BID,3152.25,97
18:32:55,SP-FUTURE,BID,2767.25,1353
18:32:56,ESX-FUTURE,BID,3151.5,452
18:32:56,SP-FUTURE,BID,2767.25,78
18:32:56,SP-FUTURE,ASK,2767.5,264
18:32:57,SP-FUTURE,BID,2767.25,421
18:32:57,ESX-FUTURE,ASK,3151.5,307
18:32:58,SP-FUTURE,BID,2767.25,972
18:32:58,SP-FUTURE,BID,2767.25,1578
18:32:58,ESX-FUTURE,ASK,3150.0,150
18:32:58,ESX-FUTURE,ASK,3150.0,59
18:32:59,ESX-FUTURE,ASK,3150.0,22
18:33:00,SP-FUTURE,ASK,2767.5,9
18:33:00,SP-FUTURE,BID,2767.25,1403
18:33:00,ESX-FUTURE,ASK,3150.0,285
18:33:00,SP-FUTURE,BID,2767.5,312
18:33:00,ESX-FUTURE,BID,3149.75,38
18:33:01,ESX-FUTURE,BID,3149.75,248
18:33:01,ESX-FUTURE,BID,3149.75,51
18:33:01,SP-FUTURE,ASK,2767.5,15
18:33:02,ESX-FUTURE,ASK,3150.0,1371
18:33:03,SP-FUTURE,ASK,2767.75,321
18:33:03,SP-FUTURE,BID,2767.5,802
18:33:04,ESX-FUTURE,ASK,3149.5,76
18:33:04,SP-FUTURE,BID,2767.5,1192
18:33:05,SP-FUTURE,BID,2767.5,589
18:33:06,ESX-FUTURE,BID,3148.25,283
18:33:06,SP-FUTURE,ASK,2767.75,504
18:33:06,ESX-FUTURE,BID,3148.5,824
18:33:07,ESX-FUTURE,BID,3148.5,682
18:33:07,ESX-FUTURE,BID,3148.5,296
18:33:08,SP-FUTURE,BID,2767.25,465
18:33:08,ESX-FUTURE,ASK,3148.75,120
18:33:09,ESX-FUTURE,BID,3148.5,20
18:33:09,SP-FUTURE,ASK,2767.5,278
18:33:09,ESX-FUTURE,ASK,3148.75,645
18:33:09,SP-FUTURE,ASK,2767.75,698
18:33:10,ESX-FUTURE,BID,3149.0,202
18:33:11,SP-FUTURE,BID,2767.5,521
18:33:11,SP-FUTURE,ASK,2767.75,839
18:33:11,ESX-FUTURE,ASK,3149.25,165
18:33:12,SP-FUTURE,BID,2767.5,156
18:33:12,ESX-FUTURE,BID,3149.0,2571
18:33:13,ESX-FUTURE,BID,3149.0,2329
18:33:13,SP-FUTURE,ASK,2763.75,351
18:33:13,ESX-FUTURE,ASK,3149.25,61
18:33:14,SP-FUTURE,BID,2763.5,20
18:33:15,ESX-FUTURE,BID,3149.0,2050
18:33:16,ESX-FUTURE,BID,3149.0,1512
18:33:16,SP-FUTURE,ASK,2762.75,1516
18:33:16,SP-FUTURE,BID,2762.5,2
18:33:16,ESX-FUTURE,BID,3149.25,528
18:33:17,SP-FUTURE,BID,2762.25,157
18:33:17,ESX-FUTURE,BID,3149.0,169
18:33:18,SP-FUTURE,BID,2762.25,125
18:33:18,ESX-FUTURE,ASK,3149.25,50
18:33:19,SP-FUTURE,ASK,2762.5,935
18:33:19,ESX-FUTURE,BID,3149.25,560
18:33:20,SP-FUTURE,ASK,2762.25,19
18:33:20,ESX-FUTURE,BID,3149.25,1420
18:33:21,SP-FUTURE,ASK,2761.75,1073
18:33:21,ESX-FUTURE,ASK,3150.0,803
18:33:22,SP-FUTURE,BID,2761.75,208
18:33:23,ESX-FUTURE,ASK,3150.0,97
18:33:23,SP-FUTURE,BID,2761.75,186
18:33:24,SP-FUTURE,BID,2761.75,616
18:33:24,ESX-FUTURE,BID,3149.0,899
18:33:25,SP-FUTURE,ASK,2761.75,209
18:33:25,ESX-FUTURE,ASK,3149.5,502
18:33:25,SP-FUTURE,ASK,2762.0,631
18:33:26,SP-FUTURE,ASK,2762.0,234
18:33:27,ESX-FUTURE,ASK,3149.5,321
18:33:28,SP-FUTURE,BID,2761.75,733
18:33:28,ESX-FUTURE,BID,3148.75,399
18:33:29,SP-FUTURE,ASK,2762.0,1071
18:33:30,SP-FUTURE,BID,2761.75,684
18:33:30,ESX-FUTURE,ASK,3149.75,13
18:33:31,ESX-FUTURE,BID,3149.5,743
18:33:31,SP-FUTURE,BID,2761.5,164
18:33:31,SP-FUTURE,ASK,2761.75,113
18:33:32,ESX-FUTURE,BID,3149.5,135
18:33:32,SP-FUTURE,ASK,2761.5,1
18:33:33,ESX-FUTURE,BID,3149.5,208
18:33:33,SP-FUTURE,BID,2761.25,525
18:33:34,ESX-FUTURE,BID,3149.25,1277
18:33:34,SP-FUTURE,ASK,2761.0,239
18:33:35,SP-FUTURE,BID,2760.75,5
18:33:35,ESX-FUTURE,BID,3149.25,359
18:33:36,ESX-FUTURE,ASK,3149.5,144
18:33:36,ESX-FUTURE,ASK,3149.5,278
18:33:37,SP-FUTURE,BID,2760.75,1160
18:33:37,ESX-FUTURE,BID,3149.25,1372
18:33:38,SP-FUTURE,ASK,2761.0,332
18:33:38,SP-FUTURE,BID,2760.75,129
18:33:38,ESX-FUTURE,ASK,3149.75,1234
18:33:39,ESX-FUTURE,ASK,3149.75,2986
18:33:39,SP-FUTURE,ASK,2761.75,576
18:33:40,ESX-FUTURE,BID,3149.5,15
18:33:40,SP-FUTURE,BID,2761.5,1
18:33:41,ESX-FUTURE,BID,3149.5,218
18:33:42,ESX-FUTURE,BID,3149.5,311
18:33:43,SP-FUTURE,BID,2761.25,357
18:33:43,SP-FUTURE,ASK,2761.5,1608
18:33:43,ESX-FUTURE,BID,3151.25,1092
18:33:44,SP-FUTURE,BID,2761.0,595
18:33:44,ESX-FUTURE,BID,3151.0,3560
18:33:45,SP-FUTURE,BID,2757.0,194
18:33:46,ESX-FUTURE,BID,3151.0,323
18:33:46,SP-FUTURE,BID,2756.75,1730
18:33:47,ESX-FUTURE,BID,3149.75,97
18:33:47,SP-FUTURE,ASK,2757.0,49
18:33:48,ESX-FUTURE,BID,3149.75,1462
18:33:48,SP-FUTURE,BID,2756.0,806
18:33:48,SP-FUTURE,BID,2756.0,452
18:33:49,SP-FUTURE,BID,2756.0,763
18:33:49,SP-FUTURE,ASK,2756.25,333
18:33:49,ESX-FUTURE,BID,3148.25,896
18:33:50,ESX-FUTURE,BID,3148.25,831
18:33:50,ESX-FUTURE,ASK,3148.5,803
18:33:50,SP-FUTURE,ASK,2755.75,54
18:33:51,ESX-FUTURE,ASK,3148.5,937
18:33:51,SP-FUTURE,BID,2756.0,379
18:33:52,ESX-FUTURE,ASK,3148.25,21
18:33:53,ESX-FUTURE,ASK,3148.25,9
18:33:53,SP-FUTURE,BID,2756.0,460
18:33:54,ESX-FUTURE,BID,3147.75,793
18:33:54,SP-FUTURE,BID,2756.0,435
18:33:54,ESX-FUTURE,BID,3147.75,29
18:33:55,ESX-FUTURE,BID,3147.75,191
18:33:56,SP-FUTURE,BID,2756.0,113
18:33:56,ESX-FUTURE,BID,3147.5,820
18:33:56,ESX-FUTURE,ASK,3147.75,164
18:33:56,ESX-FUTURE,ASK,3147.75,221
18:33:57,SP-FUTURE,BID,2756.0,280
18:33:58,SP-FUTURE,ASK,2756.25,73
18:33:58,ESX-FUTURE,ASK,3147.75,698
18:33:59,SP-FUTURE,BID,2756.25,76
18:34:00,SP-FUTURE,ASK,2756.5,41
18:34:00,ESX-FUTURE,ASK,3147.75,2217
18:34:00,ESX-FUTURE,BID,3147.5,903
18:34:00,SP-FUTURE,ASK,2758.0,19
18:34:00,ESX-FUTURE,ASK,3147.75,88
18:34:02,SP-FUTURE,ASK,2758.0,11
18:34:02,ESX-FUTURE,ASK,3147.75,2126
18:34:03,SP-FUTURE,ASK,2760.0,509
18:34:04,ESX-FUTURE,BID,3147.75,1166
18:34:04,ESX-FUTURE,ASK,3148.0,302
18:34:04,SP-FUTURE,ASK,2759.25,395
18:34:05,ESX-FUTURE,ASK,3148.25,2219
18:34:05,SP-FUTURE,ASK,2760.75,319
18:34:06,SP-FUTURE,ASK,2760.75,1384
18:34:06,SP-FUTURE,BID,2760.5,599
18:34:07,ESX-FUTURE,ASK,3149.5,35
18:34:07,SP-FUTURE,ASK,2760.75,439
18:34:07,ESX-FUTURE,ASK,3149.75,171
18:34:08,ESX-FUTURE,ASK,3149.75,626
18:34:08,ESX-FUTURE,ASK,3149.75,1616
18:34:09,SP-FUTURE,ASK,2762.25,161
18:34:09,ESX-FUTURE,ASK,3149.75,920
18:34:10,ESX-FUTURE,BID,3149.5,1759
18:34:10,SP-FUTURE,BID,2761.75,898
18:34:10,ESX-FUTURE,ASK,3149.75,1849
18:34:11,SP-FUTURE,BID,2763.25,95
18:34:12,ESX-FUTURE,ASK,3149.75,292
18:34:12,ESX-FUTURE,ASK,3149.75,1299
18:34:13,SP-FUTURE,ASK,2764.0,676
18:34:14,ESX-FUTURE,BID,3149.75,988
18:34:15,SP-FUTURE,ASK,2763.5,35
18:34:15,ESX-FUTURE,ASK,3150.0,433
18:34:15,SP-FUTURE,ASK,2763.75,1064
18:34:16,SP-FUTURE,BID,2763.5,701
18:34:16,ESX-FUTURE,ASK,3150.5,1973
18:34:17,SP-FUTURE,BID,2764.5,287
18:34:17,ESX-FUTURE,BID,3150.0,152
18:34:18,ESX-FUTURE,BID,3150.0,1452
18:34:18,ESX-FUTURE,ASK,3150.25,133
18:34:18,SP-FUTURE,ASK,2764.5,107
18:34:19,SP-FUTURE,ASK,2764.5,229
18:34:19,ESX-FUTURE,ASK,3150.5,859
18:34:20,SP-FUTURE,BID,2764.5,681
18:34:20,ESX-FUTURE,ASK,3150.5,2572
18:34:20,ESX-FUTURE,BID,3150.25,120
18:34:20,SP-FUTURE,ASK,2767.0,263
18:34:21,ESX-FUTURE,ASK,3150.5,254
18:34:22,SP-FUTURE,ASK,2767.0,408
18:34:23,ESX-FUTURE,ASK,3150.5,136
18:34:23,SP-FUTURE,ASK,2767.0,250
18:34:23,ESX-FUTURE,BID,3150.5,73
18:34:23,SP-FUTURE,BID,2766.75,444
18:34:24,ESX-FUTURE,BID,3150.25,278
18:34:25,ESX-FUTURE,BID,3150.25,141
18:34:25,SP-FUTURE,BID,2766.5,1364
18:34:26,SP-FUTURE,BID,2766.5,1848
18:34:26,ESX-FUTURE,ASK,3149.0,114
18:34:26,SP-FUTURE,ASK,2766.75,5
18:34:27,SP-FUTURE,ASK,2766.75,23
18:34:27,ESX-FUTURE,ASK,3149.0,157
18:34:28,SP-FUTURE,BID,2766.75,56
18:34:28,SP-FUTURE,ASK,2767.0,747
18:34:29,ESX-FUTURE,BID,3149.0,156
18:34:29,SP-FUTURE,ASK,2766.75,2
18:34:30,SP-FUTURE,ASK,2766.75,28
18:34:31,ESX-FUTURE,ASK,3149.25,1495
18:34:31,ESX-FUTURE,ASK,3149.25,1698
18:34:31,SP-FUTURE,ASK,2767.0,8
18:34:32,ESX-FUTURE,ASK,3149.25,3205
18:34:32,SP-FUTURE,ASK,2768.25,640
18:34:33,ESX-FUTURE,ASK,3149.25,109
18:34:34,SP-FUTURE,BID,2768.0,2
18:34:34,SP-FUTURE,ASK,2768.25,1265
18:34:35,SP-FUTURE,ASK,2768.25,349
18:34:35,ESX-FUTURE,BID,3149.0,493
18:34:36,SP-FUTURE,ASK,2768.0,828
18:34:36,ESX-FUTURE,ASK,3149.5,956
18:34:37,SP-FUTURE,ASK,2768.0,731
18:34:38,SP-FUTURE,BID,2767.75,821
18:34:38,ESX-FUTURE,BID,3149.0,22
18:34:38,SP-FUTURE,BID,2767.75,303
18:34:39,SP-FUTURE,BID,2767.75,264
18:34:39,ESX-FUTURE,BID,3148.75,1466
18:34:40,ESX-FUTURE,BID,3148.75,481
18:34:40,SP-FUTURE,BID,2766.5,416
18:34:40,SP-FUTURE,ASK,2766.75,75
18:34:41,SP-FUTURE,ASK,2766.75,52
18:34:41,ESX-FUTURE,BID,3148.75,649
18:34:42,SP-FUTURE,ASK,2766.5,115
18:34:43,ESX-FUTURE,ASK,3149.0,685
18:34:43,SP-FUTURE,ASK,2766.75,192
18:34:43,ESX-FUTURE,BID,3148.75,935
18:34:44,SP-FUTURE,BID,2766.5,109
18:34:44,SP-FUTURE,ASK,2766.75,388
18:34:44,ESX-FUTURE,ASK,3149.25,101
18:34:45,SP-FUTURE,BID,2766.5,216
18:34:45,ESX-FUTURE,ASK,3149.25,956
18:34:46,SP-FUTURE,ASK,2766.75,206
18:34:46,SP-FUTURE,BID,2766.5,713
18:34:47,ESX-FUTURE,ASK,3149.25,348
18:34:48,ESX-FUTURE,BID,3149.0,63
18:34:48,SP-FUTURE,BID,2766.5,93
18:34:48,SP-FUTURE,ASK,2766.75,77
18:34:49,ESX-FUTURE,ASK,3149.25,1212
18:34:49,ESX-FUTURE,ASK,3149.25,128
18:34:50,ESX-FUTURE,BID,3149.0,355
18:34:50,SP-FUTURE,BID,2766.75,4
18:34:51,SP-FUTURE,ASK,2767.0,62
18:34:51,ESX-FUTURE,BID,3149.0,488
18:34:52,SP-FUTURE,BID,2766.5,85
18:34:52,ESX-FUTURE,BID,3149.0,14
18:34:53,ESX-FUTURE,ASK,3149.25,1963
18:34:53,SP-FUTURE,ASK,2766.75,43
18:34:54,ESX-FUTURE,BID,3149.0,4
18:34:54,ESX-FUTURE,BID,3149.0,1
18:34:55,SP-FUTURE,BID,2766.5,1569
18:34:55,ESX-FUTURE,BID,3147.0,665
18:34:56,SP-FUTURE,BID,2766.5,351
18:34:56,ESX-FUTURE,ASK,3147.25,1453
18:34:57,SP-FUTURE,BID,2767.5,119
18:34:57,ESX-FUTURE,ASK,3147.25,1125
18:34:58,SP-FUTURE,BID,2768.25,395
18:34:58,ESX-FUTURE,ASK,3147.25,190
18:34:59,ESX-FUTURE,BID,3147.0,62
18:34:59,SP-FUTURE,BID,2768.25,762
18:35:00,ESX-FUTURE,BID,3146.5,42
18:35:00,SP-FUTURE,BID,2768.25,266
18:35:01,ESX-FUTURE,ASK,3146.5,296
18:35:02,SP-FUTURE,BID,2768.25,84
18:35:02,ESX-FUTURE,ASK,3146.5,649
18:35:03,ESX-FUTURE,BID,3146.25,1663
18:35:03,SP-FUTURE,BID,2767.75,1485
18:35:04,SP-FUTURE,ASK,2768.0,291
18:35:04,ESX-FUTURE,ASK,3145.25,360
18:35:04,SP-FUTURE,BID,2767.75,236
18:35:05,ESX-FUTURE,ASK,3145.25,2700
18:35:05,SP-FUTURE,BID,2770.5,348
18:35:06,ESX-FUTURE,ASK,3145.0,630
18:35:06,SP-FUTURE,ASK,2770.75,227
18:35:07,ESX-FUTURE,ASK,3145.0,161
18:35:07,SP-FUTURE,ASK,2771.0,921
18:35:08,SP-FUTURE,ASK,2771.0,492
18:35:08,ESX-FUTURE,ASK,3145.0,73
18:35:09,SP-FUTURE,ASK,2771.0,27
18:35:09,ESX-FUTURE,BID,3144.75,3572
18:35:10,ESX-FUTURE,BID,3144.75,1013
18:35:10,SP-FUTURE,ASK,2768.0,376
18:35:11,SP-FUTURE,ASK,2768.0,670
18:35:12,SP-FUTURE,BID,2767.75,1393
18:35:12,ESX-FUTURE,ASK,3144.75,192
18:35:12,SP-FUTURE,BID,2767.75,189
18:35:13,ESX-FUTURE,ASK,3144.75,1053
18:35:14,SP-FUTURE,BID,2768.25,832
18:35:14,ESX-FUTURE,ASK,3144.25,773
18:35:15,SP-FUTURE,ASK,2768.75,395
18:35:16,ESX-FUTURE,ASK,3144.5,715
18:35:16,SP-FUTURE,BID,2768.75,285
18:35:17,ESX-FUTURE,ASK,3144.25,352
18:35:18,SP-FUTURE,ASK,2769.0,23
18:35:18,ESX-FUTURE,ASK,3144.25,88
18:35:19,SP-FUTURE,BID,2768.75,853
18:35:19,ESX-FUTURE,ASK,3144.0,718
18:35:20,SP-FUTURE,ASK,2769.25,159
18:35:20,ESX-FUTURE,ASK,3144.0,440
18:35:20,SP-FUTURE,BID,2769.0,336
18:35:21,ESX-FUTURE,ASK,3144.0,683
18:35:21,SP-FUTURE,BID,2769.0,695
18:35:21,ESX-FUTURE,BID,3143.5,298
18:35:22,SP-FUTURE,ASK,2769.25,329
18:35:23,SP-FUTURE,BID,2769.0,1122
18:35:23,ESX-FUTURE,ASK,3143.0,1215
18:35:23,SP-FUTURE,ASK,2769.75,47
18:35:24,ESX-FUTURE,ASK,3143.0,863
18:35:24,SP-FUTURE,BID,2770.0,306
18:35:25,ESX-FUTURE,ASK,3142.75,15
18:35:25,SP-FUTURE,ASK,2770.25,586
18:35:26,SP-FUTURE,ASK,2770.25,611
18:35:26,SP-FUTURE,BID,2770.0,145
18:35:26,ESX-FUTURE,BID,3143.0,253
18:35:27,SP-FUTURE,ASK,2770.25,1332
18:35:28,ESX-FUTURE,BID,3143.5,190
18:35:29,ESX-FUTURE,ASK,3143.75,541
18:35:29,SP-FUTURE,ASK,2770.0,1
18:35:30,SP-FUTURE,BID,2769.75,84
18:35:30,ESX-FUTURE,ASK,3143.75,3622
18:35:31,SP-FUTURE,BID,2772.0,773
18:35:32,ESX-FUTURE,ASK,3143.25,1415
18:35:32,SP-FUTURE,ASK,2772.5,491
18:35:32,ESX-FUTURE,ASK,3143.5,1919
18:35:33,ESX-FUTURE,BID,3143.25,759
18:35:33,SP-FUTURE,ASK,2773.0,170
18:35:33,ESX-FUTURE,ASK,3143.5,2164
18:35:34,ESX-FUTURE,ASK,3143.5,1681
18:35:34,SP-FUTURE,BID,2775.75,1487
18:35:35,ESX-FUTURE,ASK,3142.25,245
18:35:36,SP-FUTURE,ASK,2776.0,50
18:35:37,SP-FUTURE,ASK,2776.0,11
18:35:37,ESX-FUTURE,ASK,3142.25,1342
18:35:37,SP-FUTURE,ASK,2776.75,130
18:35:38,SP-FUTURE,BID,2776.5,102
18:35:38,ESX-FUTURE,ASK,3142.25,520
18:35:39,ESX-FUTURE,ASK,3142.25,1584
18:35:39,SP-FUTURE,ASK,2778.0,3
18:35:40,SP-FUTURE,ASK,2778.0,15
18:35:40,ESX-FUTURE,BID,3142.0,1954
18:35:40,SP-FUTURE,BID,2776.5,585
18:35:41,SP-FUTURE,BID,2776.5,39
18:35:42,ESX-FUTURE,BID,3141.75,457
18:35:42,SP-FUTURE,ASK,2776.75,739
18:35:42,SP-FUTURE,BID,2776.5,597
18:35:42,ESX-FUTURE,BID,3141.75,383
18:35:42,SP-FUTURE,ASK,2776.75,346
18:35:42,ESX-FUTURE,ASK,3142.0,23
18:35:43,ESX-FUTURE,BID,3141.75,1378
18:35:43,SP-FUTURE,BID,2776.25,857
18:35:45,ESX-FUTURE,BID,3141.0,802
18:35:45,SP-FUTURE,ASK,2776.25,83
18:35:47,ESX-FUTURE,ASK,3141.25,450
18:35:47,SP-FUTURE,BID,2776.25,843
18:35:47,ESX-FUTURE,ASK,3140.75,298
18:35:47,SP-FUTURE,BID,2776.25,874
18:35:48,ESX-FUTURE,BID,3140.5,153
18:35:49,SP-FUTURE,BID,2776.25,857
18:35:49,ESX-FUTURE,BID,3140.0,425
18:35:50,ESX-FUTURE,ASK,3140.25,363
18:35:51,SP-FUTURE,ASK,2776.75,387
18:35:51,ESX-FUTURE,ASK,3140.5,1499
18:35:52,SP-FUTURE,BID,2776.75,57
18:35:52,ESX-FUTURE,BID,3140.25,222
18:35:52,SP-FUTURE,BID,2776.5,361
18:35:53,SP-FUTURE,BID,2776.5,2004
18:35:53,ESX-FUTURE,ASK,3137.5,554
18:35:54,SP-FUTURE,BID,2776.75,29
18:35:55,SP-FUTURE,ASK,2777.0,618
18:35:55,ESX-FUTURE,BID,3137.25,86
18:35:56,SP-FUTURE,ASK,2776.75,3
18:35:56,ESX-FUTURE,BID,3137.25,1040
18:35:56,SP-FUTURE,BID,2776.0,960
18:35:57,ESX-FUTURE,ASK,3136.5,2539
18:35:58,ESX-FUTURE,BID,3136.25,7
18:35:58,SP-FUTURE,BID,2778.5,438
18:35:59,SP-FUTURE,BID,2778.5,511
18:35:59,SP-FUTURE,BID,2778.5,327
18:35:59,ESX-FUTURE,ASK,3135.75,236
18:36:00,SP-FUTURE,BID,2778.5,237
18:36:01,SP-FUTURE,BID,2778.5,1103
18:36:01,ESX-FUTURE,BID,3134.5,763
18:36:01,ESX-FUTURE,BID,3134.5,1421
18:36:02,ESX-FUTURE,ASK,3134.75,80
18:36:02,SP-FUTURE,ASK,2778.5,251
18:36:03,SP-FUTURE,BID,2778.25,593
18:36:03,ESX-FUTURE,ASK,3134.75,433
18:36:04,SP-FUTURE,ASK,2778.75,243
18:36:05,ESX-FUTURE,BID,3134.5,789
18:36:05,ESX-FUTURE,ASK,3134.75,1316
18:36:06,SP-FUTURE,ASK,2779.0,10
18:36:06,ESX-FUTURE,ASK,3134.75,918
18:36:07,SP-FUTURE,ASK,2779.5,1447
18:36:07,ESX-FUTURE,BID,3134.75,914
18:36:08,SP-FUTURE,BID,2779.0,680
18:36:08,ESX-FUTURE,BID,3134.5,415
18:36:08,SP-FUTURE,BID,2778.75,299
18:36:09,ESX-FUTURE,BID,3134.5,380
18:36:09,SP-FUTURE,ASK,2779.0,282
18:36:10,ESX-FUTURE,BID,3134.5,163
18:36:11,SP-FUTURE,BID,2778.75,79
18:36:12,ESX-FUTURE,BID,3134.5,164
18:36:12,ESX-FUTURE,ASK,3134.75,333
18:36:12,SP-FUTURE,ASK,2779.0,7
18:36:13,SP-FUTURE,BID,2778.75,339
18:36:13,ESX-FUTURE,ASK,3134.5,801
18:36:14,SP-FUTURE,BID,2779.25,16
18:36:14,ESX-FUTURE,ASK,3134.5,606
18:36:15,SP-FUTURE,BID,2779.5,103
18:36:16,ESX-FUTURE,BID,3134.25,2478
18:36:16,ESX-FUTURE,BID,3134.25,486
18:36:16,SP-FUTURE,BID,2777.0,132
18:36:17,ESX-FUTURE,BID,3134.25,255
18:36:17,SP-FUTURE,ASK,2777.0,36
18:36:18,ESX-FUTURE,BID,3134.25,1610
18:36:19,SP-FUTURE,ASK,2776.0,113
18:36:20,SP-FUTURE,BID,2775.75,431
18:36:20,ESX-FUTURE,BID,3134.0,16
18:36:20,SP-FUTURE,ASK,2776.0,943
18:36:21,ESX-FUTURE,BID,3134.25,95
18:36:21,SP-FUTURE,ASK,2776.0,631
18:36:22,SP-FUTURE,ASK,2776.0,712
18:36:22,ESX-FUTURE,ASK,3134.75,580
18:36:23,SP-FUTURE,BID,2775.75,349
18:36:24,ESX-FUTURE,BID,3134.25,641
18:36:24,SP-FUTURE,ASK,2776.0,20
18:36:25,ESX-FUTURE,ASK,3134.5,46
18:36:25,SP-FUTURE,BID,2775.75,192
18:36:26,SP-FUTURE,BID,2775.75,633
18:36:27,ESX-FUTURE,ASK,3134.25,1475
18:36:27,SP-FUTURE,ASK,2776.25,386
18:36:28,ESX-FUTURE,BID,3134.0,2314
18:36:28,SP-FUTURE,ASK,2776.25,1499
18:36:29,SP-FUTURE,BID,2776.0,217
18:36:29,ESX-FUTURE,BID,3135.75,374
18:36:30,ESX-FUTURE,BID,3135.75,1328
18:36:30,SP-FUTURE,BID,2775.0,10
18:36:30,ESX-FUTURE,BID,3135.75,12
18:36:31,ESX-FUTURE,BID,3135.75,452
18:36:32,SP-FUTURE,BID,2774.75,716
18:36:32,ESX-FUTURE,ASK,3135.5,363
18:36:32,SP-FUTURE,ASK,2775.25,423
18:36:32,ESX-FUTURE,BID,3135.25,1068
18:36:33,SP-FUTURE,BID,2774.75,249
18:36:34,ESX-FUTURE,ASK,3135.5,1336
18:36:35,ESX-FUTURE,BID,3135.25,782
18:36:35,SP-FUTURE,BID,2775.0,1217
18:36:35,ESX-FUTURE,BID,3134.75,150
18:36:35,ESX-FUTURE,ASK,3135.0,246
18:36:36,SP-FUTURE,BID,2775.0,1525
18:36:37,ESX-FUTURE,BID,3134.5,72
18:36:37,SP-FUTURE,ASK,2775.25,77
18:36:38,SP-FUTURE,ASK,2775.25,43
18:36:38,ESX-FUTURE,ASK,3134.75,1290
18:36:39,SP-FUTURE,BID,2775.5,1268
18:36:39,SP-FUTURE,ASK,2775.75,74
18:36:39,SP-FUTURE,ASK,2775.75,4
18:36:40,ESX-FUTURE,BID,3134.0,860
18:36:40,SP-FUTURE,BID,2775.5,289
18:36:40,SP-FUTURE,ASK,2775.75,383
18:36:41,SP-FUTURE,BID,2775.5,1208
18:36:41,ESX-FUTURE,ASK,3133.0,254
18:36:42,ESX-FUTURE,ASK,3133.0,1399
18:36:42,SP-FUTURE,BID,2776.5,87
18:36:43,ESX-FUTURE,ASK,3133.0,358
18:36:44,ESX-FUTURE,BID,3132.75,1316
18:36:44,ESX-FUTURE,BID,3132.75,523
18:36:44,SP-FUTURE,ASK,2776.0,1028
18:36:45,SP-FUTURE,BID,2775.75,188
18:36:45,ESX-FUTURE,BID,3133.25,3019
18:36:46,ESX-FUTURE,BID,3133.25,1175
18:36:47,SP-FUTURE,ASK,2772.5,610
18:36:47,SP-FUTURE,BID,2772.25,155
18:36:48,ESX-FUTURE,BID,3133.5,126
18:36:49,SP-FUTURE,ASK,2772.5,87
18:36:49,SP-FUTURE,ASK,2772.5,119
18:36:49,ESX-FUTURE,BID,3133.5,540
18:36:50,ESX-FUTURE,ASK,3133.75,2752
18:36:50,SP-FUTURE,BID,2774.75,52
18:36:51,SP-FUTURE,BID,2774.75,174
18:36:51,ESX-FUTURE,ASK,3133.75,338
18:36:53,ESX-FUTURE,ASK,3133.75,1160
18:36:53,SP-FUTURE,ASK,2775.0,233
18:36:54,ESX-FUTURE,ASK,3133.75,853
18:36:54,SP-FUTURE,BID,2774.75,129
18:36:55,SP-FUTURE,BID,2774.75,403
18:36:55,ESX-FUTURE,ASK,3133.5,203
18:36:56,SP-FUTURE,ASK,2775.0,181
18:36:57,SP-FUTURE,ASK,2775.0,317
18:36:57,ESX-FUTURE,ASK,3133.75,1011
18:36:57,SP-FUTURE,ASK,2775.5,513
18:36:57,ESX-FUTURE,ASK,3134.25,2293
18:36:58,SP-FUTURE,ASK,2776.25,505
18:36:59,ESX-FUTURE,ASK,3134.25,104
18:36:59,SP-FUTURE,ASK,2776.25,745
18:37:00,SP-FUTURE,ASK,2776.25,1508
18:37:00,ESX-FUTURE,ASK,3134.5,1480
18:37:01,SP-FUTURE,ASK,2777.0,2
18:37:02,ESX-FUTURE,ASK,3134.5,139
18:37:02,SP-FUTURE,ASK,2777.25,726
18:37:02,ESX-FUTURE,BID,3134.25,280
18:37:02,ESX-FUTURE,ASK,3134.5,443
18:37:03,ESX-FUTURE,ASK,3134.5,1611
18:37:03,SP-FUTURE,ASK,2778.5,237
18:37:03,ESX-FUTURE,BID,3134.25,1042
18:37:04,SP-FUTURE,ASK,2778.25,136
18:37:04,ESX-FUTURE,BID,3134.25,966
18:37:05,SP-FUTURE,BID,2778.0,338
18:37:05,ESX-FUTURE,BID,3134.25,546
18:37:06,ESX-FUTURE,ASK,3134.5,827
18:37:06,SP-FUTURE,ASK,2778.5,98
18:37:07,SP-FUTURE,ASK,2778.5,147
18:37:08,ESX-FUTURE,BID,3134.25,127
18:37:08,SP-FUTURE,ASK,2778.5,146
18:37:09,ESX-FUTURE,ASK,3134.75,777
18:37:09,SP-FUTURE,ASK,2778.5,185
18:37:10,SP-FUTURE,BID,2778.25,327
18:37:10,ESX-FUTURE,ASK,3134.75,940
18:37:11,SP-FUTURE,BID,2778.5,260
18:37:11,SP-FUTURE,BID,2778.5,578
18:37:12,ESX-FUTURE,BID,3133.75,1667
18:37:12,SP-FUTURE,ASK,2778.5,579
18:37:13,ESX-FUTURE,BID,3134.0,1683
18:37:13,ESX-FUTURE,ASK,3134.25,585
18:37:13,ESX-FUTURE,ASK,3134.25,1122
18:37:14,SP-FUTURE,ASK,2778.25,30
18:37:14,ESX-FUTURE,ASK,3134.25,1051
18:37:14,SP-FUTURE,ASK,2778.75,322
18:37:15,ESX-FUTURE,ASK,3134.5,2518
18:37:15,SP-FUTURE,BID,2779.75,2056
18:37:16,ESX-FUTURE,BID,3131.25,15
18:37:16,SP-FUTURE,BID,2779.75,344
18:37:17,ESX-FUTURE,BID,3131.0,843
18:37:18,SP-FUTURE,BID,2779.75,1354
18:37:18,ESX-FUTURE,ASK,3129.75,226
18:37:19,SP-FUTURE,BID,2779.75,88
18:37:19,ESX-FUTURE,BID,3129.5,655
18:37:20,SP-FUTURE,BID,2779.5,1047
18:37:21,ESX-FUTURE,ASK,3129.0,972
18:37:21,SP-FUTURE,BID,2779.75,1008
18:37:22,ESX-FUTURE,BID,3128.0,2405
18:37:22,ESX-FUTURE,BID,3128.0,848
18:37:23,SP-FUTURE,ASK,2778.0,732
18:37:23,ESX-FUTURE,BID,3128.75,260
18:37:24,SP-FUTURE,ASK,2778.0,656
18:37:25,ESX-FUTURE,BID,3129.0,7
18:37:25,SP-FUTURE,BID,2777.75,486
18:37:25,ESX-FUTURE,ASK,3128.75,76
18:37:26,SP-FUTURE,BID,2777.75,170
18:37:26,ESX-FUTURE,BID,3128.5,888
18:37:27,SP-FUTURE,ASK,2777.75,982
18:37:28,SP-FUTURE,ASK,2777.75,340
18:37:28,ESX-FUTURE,BID,3129.0,3914
18:37:28,SP-FUTURE,BID,2774.25,116
18:37:30,SP-FUTURE,ASK,2774.5,44
18:37:30,ESX-FUTURE,BID,3129.0,2029
18:37:31,SP-FUTURE,ASK,2774.5,74
18:37:32,ESX-FUTURE,ASK,3129.5,1918
18:37:32,SP-FUTURE,ASK,2774.75,291
18:37:33,ESX-FUTURE,BID,3129.25,236
18:37:34,SP-FUTURE,BID,2774.5,99
18:37:34,ESX-FUTURE,BID,3129.25,145
18:37:34,SP-FUTURE,BID,2774.5,56
18:37:34,ESX-FUTURE,ASK,3129.5,1179
18:37:35,ESX-FUTURE,BID,3129.25,241
18:37:35,SP-FUTURE,ASK,2775.0,164
18:37:36,SP-FUTURE,ASK,2775.0,96
18:37:36,ESX-FUTURE,BID,3129.25,824
18:37:37,ESX-FUTURE,ASK,3129.5,239
18:37:37,SP-FUTURE,BID,2774.75,479
18:37:39,SP-FUTURE,ASK,2775.0,144
18:37:39,SP-FUTURE,BID,2774.75,1449
18:37:39,ESX-FUTURE,ASK,3128.0,328
18:37:39,ESX-FUTURE,ASK,3128.0,113
18:37:41,SP-FUTURE,BID,2775.0,85
18:37:41,ESX-FUTURE,BID,3127.75,1600
18:37:42,SP-FUTURE,ASK,2774.25,394
18:37:42,ESX-FUTURE,ASK,3128.25,1289
18:37:42,SP-FUTURE,BID,2774.5,70
18:37:43,SP-FUTURE,ASK,2774.75,1597
18:37:44,ESX-FUTURE,BID,3129.5,4008
18:37:44,SP-FUTURE,BID,2769.5,548
18:37:45,SP-FUTURE,BID,2769.5,698
18:37:45,SP-FUTURE,ASK,2769.75,134
18:37:45,ESX-FUTURE,ASK,3129.75,178
18:37:46,ESX-FUTURE,BID,3129.5,1317
18:37:47,SP-FUTURE,ASK,2769.5,67
18:37:47,ESX-FUTURE,ASK,3129.75,624
18:37:48,SP-FUTURE,ASK,2770.0,763
18:37:48,ESX-FUTURE,ASK,3130.0,277
18:37:49,ESX-FUTURE,BID,3129.75,562
18:37:49,SP-FUTURE,BID,2769.5,347
18:37:50,SP-FUTURE,ASK,2769.75,1678
18:37:51,ESX-FUTURE,ASK,3131.0,246
18:37:51,SP-FUTURE,ASK,2769.75,84
18:37:51,ESX-FUTURE,BID,3130.75,434
18:37:53,SP-FUTURE,ASK,2769.75,676
18:37:53,ESX-FUTURE,ASK,3131.5,847
18:37:54,SP-FUTURE,BID,2769.75,147
18:37:54,ESX-FUTURE,BID,3131.25,99
18:37:54,SP-FUTURE,BID,2769.75,47
18:37:55,ESX-FUTURE,ASK,3131.5,3956
18:37:55,SP-FUTURE,BID,2774.5,169
18:37:56,ESX-FUTURE,BID,3131.0,2357
18:37:56,SP-FUTURE,ASK,2773.5,147
18:37:57,SP-FUTURE,BID,2773.25,818
18:37:57,ESX-FUTURE,ASK,3131.25,711
18:37:58,ESX-FUTURE,BID,3131.0,991
18:37:59,SP-FUTURE,ASK,2773.25,319
18:37:59,ESX-FUTURE,ASK,3131.25,97
18:38:00,SP-FUTURE,BID,2773.0,284
18:38:01,ESX-FUTURE,ASK,3131.25,166
18:38:01,SP-FUTURE,ASK,2773.25,28
18:38:01,ESX-FUTURE,ASK,3131.25,84
18:38:02,ESX-FUTURE,BID,3131.0,711
18:38:03,SP-FUTURE,ASK,2773.25,32
18:38:04,ESX-FUTURE,ASK,3131.25,232
18:38:04,SP-FUTURE,BID,2773.0,965
18:38:05,ESX-FUTURE,ASK,3130.5,1
18:38:06,SP-FUTURE,BID,2773.0,457
18:38:06,ESX-FUTURE,BID,3130.25,47
18:38:07,SP-FUTURE,ASK,2773.25,22
18:38:08,SP-FUTURE,ASK,2773.25,394
18:38:08,ESX-FUTURE,BID,3130.25,3095
18:38:09,SP-FUTURE,BID,2769.75,24
18:38:09,SP-FUTURE,BID,2769.75,45
18:38:09,ESX-FUTURE,ASK,3130.5,374
18:38:10,SP-FUTURE,ASK,2770.0,351
18:38:11,SP-FUTURE,ASK,2770.0,588
18:38:11,ESX-FUTURE,ASK,3131.0,484
18:38:11,SP-FUTURE,BID,2770.0,85
18:38:12,ESX-FUTURE,BID,3130.75,1349
18:38:12,SP-FUTURE,BID,2769.25,678
18:38:13,ESX-FUTURE,BID,3130.25,2164
18:38:13,SP-FUTURE,BID,2768.0,322
18:38:14,ESX-FUTURE,BID,3130.25,207
18:38:14,SP-FUTURE,BID,2768.0,641
18:38:14,SP-FUTURE,BID,2768.0,641
18:38:15,ESX-FUTURE,ASK,3129.25,17
18:38:15,SP-FUTURE,BID,2768.0,125
18:38:16,SP-FUTURE,BID,2768.0,250
18:38:18,ESX-FUTURE,BID,3129.0,81
18:38:18,SP-FUTURE,ASK,2768.25,1035
18:38:18,ESX-FUTURE,ASK,3129.75,1971
18:38:19,ESX-FUTURE,BID,3129.5,442
18:38:20,ESX-FUTURE,ASK,3129.75,351
18:38:20,SP-FUTURE,ASK,2768.75,87
18:38:21,SP-FUTURE,ASK,2768.75,93
18:38:21,ESX-FUTURE,BID,3129.5,1341
18:38:21,SP-FUTURE,BID,2767.75,743
18:38:22,ESX-FUTURE,ASK,3129.5,265
18:38:23,SP-FUTURE,BID,2767.75,897
18:38:23,ESX-FUTURE,ASK,3129.25,13
18:38:23,SP-FUTURE,BID,2767.75,743
18:38:25,SP-FUTURE,BID,2767.75,765
18:38:25,ESX-FUTURE,BID,3129.0,679
18:38:26,SP-FUTURE,BID,2767.5,1350
18:38:26,ESX-FUTURE,ASK,3128.5,1119
18:38:27,SP-FUTURE,BID,2768.25,41
18:38:27,ESX-FUTURE,ASK,3128.5,892
18:38:28,ESX-FUTURE,BID,3128.25,739
18:38:28,SP-FUTURE,ASK,2768.5,873
18:38:29,ESX-FUTURE,BID,3129.0,365
18:38:29,SP-FUTURE,ASK,2768.5,93
18:38:29,SP-FUTURE,ASK,2768.5,1068
18:38:30,SP-FUTURE,BID,2768.25,4
18:38:31,ESX-FUTURE,BID,3129.25,245
18:38:31,SP-FUTURE,ASK,2768.5,88
18:38:31,SP-FUTURE,BID,2768.25,94
18:38:31,ESX-FUTURE,ASK,3129.5,453
18:38:33,SP-FUTURE,ASK,2768.5,121
18:38:33,ESX-FUTURE,ASK,3129.5,236
18:38:33,ESX-FUTURE,ASK,3129.5,383
18:38:34,ESX-FUTURE,ASK,3129.5,162
